2171 2912
1095 196 1148 224 10

385 297 450 341 Αο
467 296 659 353 primum
678 294 903 340 sciendum
922 301 1011 351 est,
1042 304 1241 340 veteranos
1257 308 1436 338 manum
1456 305 1539 351 per
1560 308 1605 336 se
1625 293 1807 340 efficere
1832 307 1979 355 neque

270 361 319 405 in
347 359 594 416 legionibus
613 359 822 415 conjungi
841 374 942 401 cum
962 358 1154 413 reliquis.
1192 358 1251 399 H.
1277 358 1341 409 ΙΙ,
1376 365 1443 399 11.
1507 357 1644 412 Ipsum
1659 355 1848 400 Othonem
1870 360 1977 402 comi·

271 424 459 467 tueantur
478 419 571 464 lecta
592 420 874 476 speculatorum
889 434 1074 476 corpora,
1110 432 1192 460 cum
1222 420 1353 461 ceteris
1370 418 1592 461 Praetoriis
1622 417 1866 471 cohortibus,
1901 434 1977 462 ve·

272 485 437 527 teram'
460 496 478 524 e
494 482 538 526 P
544 489 689 525 racto
701 484 798 534 rio,
827 481 1091 525 classicorum
1077 492 1211 538 ungens
1230 493 1425 522 numerus.
1486 479 1565 521 Isti
1584 479 1784 523 veterani
1803 480 1979 536 signum

275 544 414 588 secuti
432 544 533 598 sint,
553 558 737 586 necesse
756 550 844 596 est,
866 542 982 597 quod
1001 540 1137 597 igitur
1162 555 1260 582 esse
1278 540 1424 595 potuit
1441 540 1538 582 nisi.
1545 537 1788 587 vexillum?
1818 540 1881 585 lb.
1900 543 1975 598 96

271 608 511 651 exauctorati
523 606 778 650 Praetorium
795 604 851 646 ib.
871 605 947 657 ΙΙΙ,
970 616 993 644 2
1005 618 1041 644 1.
1072 602 1379 645 Praetoriamam
1391 602 1586 655 vexillum,
1606 602 1728 659 quod
1744 602 1869 645 haud
1885 604 1976 648 scio

274 683 329 710 an
349 668 603 710 constiterit
619 666 775 707 iisdem
790 665 891 718 illis,
928 663 1004 722 qui
1023 677 1161 719 supra
1183 670 1417 708 veteranos
1437 679 1461 707 e
1476 664 1712 707 Praetorio
1729 665 1977 722 appellatos

270 730 433 776 vidisti.
467 729 654 782 Deinde,
674 733 727 769 ut
743 727 899 784 quibus
919 727 964 769 in
982 726 1117 769 rebus
1138 727 1329 771 maxime
1344 728 1678 771 vexillariorum
1695 743 1802 779 usus
1820 727 1976 783 fuerit,

271 792 429 848 paucis
452 791 749 842 adstruamus,
788 788 829 846 1)
854 789 1054 844 pluribus
1071 788 1117 829 in
1137 789 1244 830 locis
1252 789 1455 844 praesidia
1482 792 1640 847 agitare
1664 790 1907 846 dicuntur,
1931 790 1977 833 id

272 854 321 898 in
350 867 401 895 eo
428 852 525 893 loco
553 851 663 904 fuit,
706 865 837 906 quem
866 865 1000 905 supra
1026 850 1204 894 laudavi
1214 867 1225 904 3
1268 851 1315 891 id
1342 851 1591 904 reperimus
1621 851 1669 897 in
1694 851 1809 894 Ann.
1826 852 1868 905 Ι,
1903 853 1977 895 58.

272 912 335 958 At
349 917 386 956 in
397 910 558 956 Chaucis
569 920 783 970 coeptavere
792 913 1006 955 seditionem
1012 912 1251 966 praesidium
1261 914 1456 970 agitantes
1474 910 1665 954 vexillarii
1682 912 1914 956 discordium
1930 912 1978 954 le-

267 977 438 1032 gionum.
471 974 564 1030 Qui
577 974 714 1027 locus,
732 979 882 1015 utrum
898 979 1068 1028 spectet
1087 973 1142 1013 ad
1160 979 1396 1016 veteranos
1416 987 1472 1013 an
1494 972 1550 1014 ad
1567 972 1677 1014 alios
1692 985 1978 1030 quoscunque

273 1035 448 1088 milites,
472 1036 569 1088 jure
582 1034 626 1075 in
638 1034 783 1076 medio
792 1035 1075 1090 relinquitur3
1109 1034 1304 1088 potuisse
1314 1048 1412 1075 esse
1423 1033 1525 1074 illos
1541 1033 1798 1075 vexillarios
1814 1047 1871 1076 ex
1888 1048 1978 1076 nu·-

274 1111 399 1139 mero
408 1103 719 1139 veteranorum
728 1102 874 1151 patet,
893 1111 997 1137 nam
1008 1096 1143 1137 etiam
1157 1102 1258 1137 ante
1271 1095 1394 1136 illam
1407 1110 1434 1135 a
1443 1094 1713 1136 Germanico
1728 1094 1978 1138 institutam

271 1157 682 1201 exauctorationem
701 1155 842 1199 fuisse
859 1164 1096 1210 veteranos
1113 1156 1392 1210 vexillarios,
1423 1155 1639 1199 evincitur
1666 1170 1723 1200 ex
1750 1156 1830 1211 iis,
1858 1171 1978 1214 -quae

273 1219 360 1274 ipsi
379 1220 593 1261 clamant:
622 1218 733 1275 apud
750 1218 888 1262 vexilla
907 1226 1073 1261 retentos
1092 1218 1234 1267 eordan
1255 1218 1404 1261 labores
1419 1217 1614 1275 perferre.
1668 1219 1814 1275 Quod
1840 1233 1977 1276 quum

275 1287 521 1337 queruntur
536 1312 548 1334 ‚
579 1280 689 1336 ipsis
713 1295 888 1337 quoque
912 1280 1240 1322 immunitatem
1261 1280 1535 1336 reliquorum
1557 1279 1762 1324 laborum
1778 1280 1978 1335 promis-

278 1356 375 1383 sam
394 1341 588 1395 quidem,
618 1355 775 1394 parum
797 1349 944 1395 autem
963 1343 1221 1394 praestitam
1244 1356 1339 1381 esse
1356 1341 1632 1396 significaut3
1662 1344 1916 1383 monstrant
1935 1341 1981 1385 id

274 1415 470 1459 quoque,
502 1401 716 1458 ejusmodi
734 1401 906 1456 munia,
938 1408 989 1444 ut
1003 1401 1329 1457 praesidiorum
1352 1401 1681 1457 agitandorum,
1710 1402 1820 1457 ipsis
1843 1418 1976 1458 quam

273 1464 466 1504 maxime
496 1463 753 1515 convenire3
791 1463 854 1501 nil
882 1463 1000 1502 enim
1028 1462 1234 1503 laborum
1257 1462 1611 1502 exhauriendum
1640 1462 1695 1501 iis
1723 1470 1847 1515 erat,
1890 1462 1977 1504 nisi

270 1530 322 1565 ut
337 1523 525 1575 hostem,
545 1521 580 1564 si
602 1521 678 1578 qui
694 1520 817 1563 forte
835 1521 1130 1575 adventasset,
1157 1520 1473 1578 reprimerent.
1518 1520 1821 1567 Conferamus
1840 1517 1976 1568 etiam

270 1584 416 1640 Agric.
438 1585 511 1626 52.
582 1584 805 1639 Galgaeus
829 1584 876 1624 in
898 1586 1103 1625 oratione
1129 1598 1210 1624 sua
1234 1583 1503 1625 adhortatur
1518 1583 1764 1639 Britannos
1795 1590 1846 1630 ut
1874 1583 1978 1634 for-

270 1646 378 1685 titer
398 1657 594 1700 pugnam
615 1650 869 1698 capessant3
909 1643 1099 1686 victoria
1128 1643 1247 1686 enim
1274 1649 1508 1699 reportata
1534 1643 1599 1685 nil
1627 1644 1750 1688 ultra
1774 1643 1887 1702 ipsis
1912 1645 1977 1689 ti·-

269 1706 499 1749 mendum:
534 1720 654 1749 vacua
671 1705 846 1756 castella,
877 1720 1008 1754 ⁸(enum
1027 1704 1198 1748 coloniae.
1261 1707 1389 1759 „Per
1423 1711 1698 1753 contemtum
1730 1707 1791 1749 sic
1819 1708 1978 1763 appel-

272 1768 338 1807 lat
355 1773 591 1807 veteranos
607 1797 619 1819 ,
663 1767 745 1821 qui
759 1766 896 1807 fere
883 1780 930 1806 m
955 1765 1210 1821 municipiis
1241 1765 1610 1809 collocabantur“
1647 1766 1858 1812 adscribit
1883 1768 1977 1812 Er-

272 1827 443 1871 nestius
463 1827 711 1883 explicandi
740 1842 889 1868 causa.
924 1826 1152 1869 Omnino
1171 1834 1319 1882 recte3
1351 1834 1526 1881 tamen,
1559 1829 1676 1884 quod
1692 1829 1904 1882 mireris,
1930 1826 1976 1872 iu

273 1902 462 1933 excursu
480 1903 558 1930 suo
578 1887 649 1929 his
669 1888 899 1930 contraria
918 1857 1066 1930 docet:
1104 1888 1162 1930 ad
1185 1888 1402 1946 ejusmodi
1421 1888 1575 1932 munia
1593 1888 1815 1933 adhiberi
1825 1886 1977 1937 solitos

274 1965 370 1995 esse
386 1948 577 1992 tirones!
620 1948 800 1994 Trahat
818 1949 906 1991 huc
927 1949 1088 2006 aliquis
1115 1950 1250 2001 etiam
1267 1951 1433 2006 Velleji
1458 1951 1604 1993 locum
1634 1952 1836 2006 11,110.
1891 1950 1976 2010 Op-

265 2014 397 2067 pressi
418 2014 511 2053 cives
535 2012 724 2061 Romani,
758 2011 945 2053 trucidati
968 2013 1249 2069 mgotiatores,
1287 2025 1472 2071 maguus
1481 2010 1769 2058 vexillariorum
1796 2028 1978 2061 nanterus

271 2072 328 2116 ad
342 2074 647 2124 murmurum,
678 2087 720 2115 ea
739 2074 779 2116 in
794 2074 974 2131 regione,
1009 2088 1105 2131 quae
1121 2073 1293 2128 plurimo
1322 2076 1371 2117 ab
1391 2077 1622 2130 imperatore
1636 2077 1796 2127 aberat,
1833 2091 1976 2132 caesus,

272 2142 453 2190 occupata
473 2136 595 2177 armis
602 2134 846 2177 Macedonia.
893 2119 1056 2177 Utrum
1077 2134 1152 2176 isti
1170 2135 1390 2179 vexillarii
1404 2133 1666 2192 praesidia
1651 2151 1700 2180 in
1719 2138 1976 2196 remotiori-

270 2195 355 2238 bus
370 2196 458 2238 illis
479 2195 737 2252 regionibus
758 2194 984 2265 agitarint,
1005 2211 1087 2238 nec
1107 2212 1178 2266 ¹¹53
1199 2197 1365 2241 diserte
1382 2212 1474 2240 non
1484 2198 1670 2254 dicitur3
1690 2200 1814 2243 valde
1825 2192 1977 2244 tamen

273 2257 483 2299 credibile
506 2264 600 2312 est;
631 2258 680 2298 in
697 2263 860 2313 pacata
877 2257 995 2299 enim
1016 2257 1266 2312 provincia,
1293 2260 1350 2300 ad
1371 2273 1507 2315 quam
1527 2232 1871 2317 expeditionem
1873 2257 1974 2303 bel-

270 2318 406 2361 lic-‘am
425 2317 549 2362 missi
578 2334 675 2362 esse-
700 2315 945 2375 poterant?
1004 2319 1095 2362 Pro
1132 2320 1354 2363 veteranis
1388 2319 1710 2378 quodammodo
1737 2320 1891 2371 etiam
1902 2318 1975 2365 10-

271 2395 349 2422 cus
360 2382 539 2423 Sueton.
575 2381 717 2423 Galba
733 2398 769 2423 c.
790 2393 863 2424 20.
884 2380 1012 2422 facit:
1043 2380 1238 2424 vexillatio
1250 2380 1658 2434 Germaniciamrum
1643 2399 1685 2427 m
1699 2382 1887 2427 auxilium
1906 2375 1974 2428 ad·

267 2441 436 2494 volavit,
475 2444 528 2486 017
541 2456 666 2485 recem
682 2444 884 2496 meritum,
924 2442 1037 2502 quod·
1047 2457 1087 2487 se
1101 2457 1244 2503 aegros
1262 2451 1299 2487 et
1315 2443 1503 2488 iswalidos
1515 2445 1823 2504 >vasp fhvisseh
1873 2446 1975 2491 Voss·

265 2505 428 2547 cabula
454 2505 567 2547 haec
595 2505 872 2560 commodius
907 2506 964 2547 ad
999 2512 1236 2550 veteranos
1266 2508 1369 2548 senio
1402 2505 1583 2562 coeffectos
1592 2540 1609 2560 ,
1664 2504 1866 2551 truncatos
1891 2524 1972 2553 cor-
