2171 2912
247 954 458 1064 Omnes
475 992 574 1036 VV.
597 992 702 1035 DD.
691 1022 725 1047 .,
755 991 831 1047 qui
848 991 916 1034 vel
937 992 992 1034 de
1009 991 1168 1034 militia
1191 993 1398 1035 Romana
1427 991 1727 1046 scripserunt,
1768 999 1822 1034 ut
1847 992 1952 1035 Sal—

243 1055 432 1107 masius,
462 1054 662 1109 Lipsius,
696 1052 859 1109 aliique
877 1067 933 1095 ex
948 1053 1294 1099 recentioribus·
1328 1053 1395 1095 vel
1414 1052 1623 1095 Tacitum
1640 1053 1836 1111 aliosque
1856 1055 1952 1097 aevi

247 1116 447 1173 argentei
467 1115 732 1186 scriptores,—
761 1115 829 1157 uti
845 1114 1099 1158 Gronovius
1118 1122 1163 1157 et
1187 1114 1422 1158 Ernestius
1451 1115 1507 1156 ad
1532 1115 1764 1170 Tacitum,
1805 1115 1951 1159 sehe—

241 1178 328 1220 lius
345 1178 404 1219 ad
420 1176 672 1232 Hyginum,
704 1175 980 1221 stewechius
1001 1177 1057 1217 ad
1073 1177 1330 1233 Vegetium,
1364 1175 1716 1231 explicaverunt,
1745 1149 1949 1233 ipsorum

242 1241 296 1282 de
319 1238 547 1283 Vexillariis
568 1231 810 1286 sententias
826 1251 1124 1310 proposuere:
1157 1238 1305 1280 nullus
1324 1246 1494 1290 tamen,
1527 1238 1602 1293 qui
1618 1238 1820 1282 omuibus
1833 1253 1949 1293 per-

245 1300 456 1343 suasisset
476 1313 527 1340 ac
545 1312 642 1341 rem
672 1313 779 1352 acu,
792 1292 878 1344 'fit
880 1297 953 1347 ,ἰτα-
963 1288 1133 1352 (hetin,
1171 1298 1415 1356 tetigisset,
1459 1298 1604 1340 adhuc
1636 1298 1837 1342 inventus
1864 1307 1944 1344 est.

242 1362 368 1404 Alius
388 1360 507 1402 enim
528 1359 641 1401 alius
659 1360 881 1401 sententia
900 1360 1069 1412 rejecta
1086 1359 1154 1401 vel
1169 1360 1302 1413 plane
1317 1374 1500 1411 novam,
1532 1359 1604 1402 vel
1623 1367 1745 1402 certe
1762 1375 1817 1402 ex
1832 1376 1945 1415 par—

240 1429 287 1465 te
310 1422 591 1466 immutatam
611 1419 695 1464 sibi
710 1420 1049 1477 proponendam
1072 1415 1220 1476 duxit,
1262 1419 1326 1464 ita
1353 1426 1424 1475 ut,
1463 1419 1615 1476 prouti
1641 1420 1711 1465 vel
1732 1420 1853 1466 hunc
1878 1422 1946 1466 vel

239 1485 365 1524 illum
403 1482 610 1536 inspicias
648 1482 834 1532 librum,
890 1483 963 1521 vel
1002 1482 1116 1521 haec
1147 1483 1214 1522 vel
1252 1483 1327 1521 ina
1355 1483 1411 1521 de
1441 1483 1497 1521 iis
1528 1483 1696 1523 tradita
1728 1486 1941 1537 reperias.

243 1545 372 1603 Quae
396 1556 469 1586 res
505 1555 640 1600 quum
669 1541 715 1584 in
732 1540 894 1585 Tacito
919 1540 1106 1599 legendo
1123 1547 1169 1584 et
1187 1540 1448 1598 explicando
1468 1555 1541 1585 me
1558 1555 1689 1599 saepe
1703 1542 1941 1602 turbasset,

238 1620 415 1648 mecum
439 1605 672 1656 constitui,
728 1610 778 1644 ut
804 1604 934 1655 locis,
981 1605 1129 1657 quoad
1153 1604 1254 1644 fieri
1276 1611 1446 1656 posset,
1495 1605 1702 1646 omnibus
1728 1607 1942 1660 inspectis

239 1667 442 1724 interque
460 1679 506 1708 se
525 1663 819 1722 comparatis,
849 1662 974 1708 litem
994 1663 1117 1707 illam
1143 1669 1238 1707 tam
1266 1662 1342 1706 diu
1364 1669 1533 1708 motam
1556 1665 1744 1715 necdum
1768 1666 1941 1712 direm-

236 1738 331 1771 tam
348 1737 425 1770 aut
445 1742 756 1782 componerem
770 1759 782 1780 ,
825 1733 925 1780 aut,
967 1727 1033 1767 sin
1055 1726 1101 1767 id
1115 1727 1260 1768 minus
1287 1727 1511 1780 cessisset,
1545 1729 1703 1770 saltem
1721 1744 1805 1784 pro
1824 1732 1941 1773 virili

238 1791 295 1832 ad
313 1805 410 1832 eam
428 1788 665 1846 aliquando
682 1787 1036 1843 componendam
1048 1786 1314 1830 conferrem.
1357 1787 1503 1831 Multa
1515 1788 1633 1831 enim
1646 1789 1807 1832 suntin
1818 1792 1940 1834 anti-

238 1853 406 1910 quitate
418 1851 479 1892 ob
498 1859 699 1904 mancas,
715 1865 831 1906 quae
847 1850 902 1891 de
915 1849 1154 1892 vexillariis
1178 1857 1427 1905 supersunt,
1448 1850 1645 1905 notitias,
1662 1858 1755 1893 tam
1775 1852 1939 1896 obscu-

235 1929 308 1968 ra,
340 1920 390 1955 ut
410 1914 466 1954 ad
483 1912 701 1970 liquidum
718 1911 905 1968 perduci
931 1910 1053 1952 nullo
1080 1910 1213 1953 modo
1241 1911 1415 1966 possint
1422 1924 1436 1966 3
1478 1912 1620 1954 multa
1643 1918 1738 1955 tam
1766 1913 1940 1958 incerta

237 1984 283 2019 et
299 1990 433 2032 vaga,
469 1981 521 2016 ut
538 1973 813 2030 aliquatenus
830 1971 1026 2014 fortasse
1041 1972 1277 2027 explicari,
1309 1972 1494 2016 minime
1513 1981 1666 2017 tamen
1693 1982 1823 2018 extra
1850 1978 1939 2019 du·-

233 2037 498 2080 bitationem
514 2035 622 2091 poni
638 2034 832 2089 possint3
856 2033 1013 2076 >multa
1031 2032 1220 2089 denique
1244 2034 1410 2077 nostris
1433 2034 1633 2078 moribus
1656 2042 1753 2079 tam
1777 2050 1939 2092 parum

235 2112 453 2152 consona,
486 2104 537 2139 ut
560 2110 614 2139 ea
626 2096 725 2151 ipsa
743 2108 818 2137 res
839 2107 970 2149 saepe
986 2093 1112 2147 nobis
1135 2108 1235 2136 sero
1253 2095 1374 2138 natis
1392 2094 1602 2139 fraudem
1628 2096 1791 2141 fecerit
1815 2101 1939 2143 mul-

233 2167 389 2216 tosque
420 2160 689 2213 interpretes
726 2156 773 2198 in
810 2169 985 2198 errores
1024 2154 1253 2198 induxerit
1290 2156 1584 2213 turpissimos.
1674 2159 1852 2216 Quibus
1889 2162 1938 2204 in

232 2220 366 2264 rebus
392 2235 522 2274 saepe
556 2219 697 2261 satius
723 2224 792 2261 est
819 2216 980 2272 fateri,
1022 2231 1105 2259 nos
1121 2217 1368 2273 caecutire,
1402 2234 1499 2261 rem
1516 2234 1607 2262 non
1621 2232 1755 2276 posse
1772 2219 1941 2266 diluci-‘

233 2282 332 2325 dari
344 2312 357 2336 ‚
395 2282 571 2323 incerta
588 2294 686 2322 esse
704 2293 780 2333 ea,
810 2292 922 2336 quae
938 2277 1129 2321 sciamus
1140 2310 1153 2332 ,
1197 2292 1331 2351 quam
1356 2280 1480 2324 vanis
1496 2281 1771 2337 conjecturis
1786 2283 1938 2326 indul-

232 2344 377 2401 gendo
394 2342 510 2389 falsa
531 2341 785 2399 excogitare
808 2355 947 2398 eaque
972 2341 1266 2396 comminisci,
1306 2356 1419 2399 quae
1442 2357 1673 2400 nunquam
1705 2344 1755 2388 in
1782 2360 1937 2391 rerum

232 2413 394 2450 natura
418 2404 698 2450 exstiterunt.
762 2402 980 2447 Auctores
1007 2402 1125 2446 enim
1147 2410 1341 2458 veteres,
1384 2418 1522 2462 quum
1540 2405 1598 2450 de
1617 2406 1777 2462 rebus,
1810 2408 1936 2481 ipso-

229 2483 326 2510 rum
348 2475 494 2512 aetate
502 2465 680 2510 usitatis
697 2465 963 2521 omninoque
979 2464 1028 2507 in
1045 2465 1202 2522 vulgus
1228 2466 1347 2509 notis
1371 2476 1623 2523 exponunt,
1664 2468 1800 2513 rebus
1826 2472 1935 2526 ipsis

228 2529 421 2575 breviter
438 2528 703 2583 nominatis,
730 2533 922 2585 pergunt
943 2526 999 2569 ad
1018 2541 1093 2580 ea,
1130 2541 1244 2585 quae
1260 2536 1471 2584 narrant,
1502 2529 1549 2572 in
1564 2529 1708 2589 iisque
1725 2539 1932 2577 accurate
