2171 2912
1099 200 1127 244 6

388 314 660 359 Sententiam
678 328 704 355 a
724 314 933 357 Lamallo
963 314 1257 370 propositam,
1299 311 1540 355 Oberlinus
1566 323 1650 369 per
1673 324 1721 355 se
1748 310 1845 356 'non
1877 310 1967 355 im-

260 378 536 438 probabilem
551 383 716 430 censet,
749 377 846 431 ipse
861 384 1012 418 tamen
1031 391 1086 417 ex
1098 376 1182 417 hac
1204 386 1338 416 causa
1354 374 1515 430 rejicit,
1535 374 1653 431 quod
1674 374 1740 416 sic
1763 388 1820 417 ex
1835 369 1968 430 parte

266 441 425 484 saltem
449 438 497 479 in
524 437 623 495 istis
649 437 821 481 vexillis
844 438 961 481 vires
984 437 1208 493 legionum
1237 435 1430 491 fuerint,
1472 435 1631 493 quibus
1647 440 1803 478 tamen
1822 435 1884 480 H.
1908 435 1967 490 H,

267 502 339 546 66.
370 500 422 558 (v.
450 499 601 556 supra)
622 500 789 543 diserte
810 506 1103 555 opponantur.
1179 499 1283 554 Quo
1304 497 1405 540 loco
1429 496 1544 540 nihil
1571 496 1756 554 probari
1782 497 1968 552 jamjam

264 563 491 606 innuimus
515 575 706 619 eumque
733 562 821 602 alia
851 561 1025 601 ratione
1050 559 1384 616 intelligendum
1410 572 1532 615 esse,
1571 558 1731 603 deinde
1760 556 1967 614 pluribus

264 623 656 668 demonstrabitur.
717 622 879 664 Melius
902 621 995 662 sine
1008 620 1142 663 dubio
1161 622 1441 678 opposuisset
1456 621 1509 665 ΙΙ.
1530 621 1590 665 H.
1603 621 1677 665 85.
1694 619 1777 664 ubi·
1789 619 1969 665 tredecim

264 686 381 732 millia
407 684 695 730 vexillariorum
726 691 1151 738 commemorantur,
1220 699 1351 740 quem
1377 697 1616 726 numerum
1639 683 1727 725 illis
1751 683 1968 725 centuriis

263 763 357 791 non
378 747 497 791 effici
517 761 589 788 me
603 760 692 787 non
710 750 919 788 monente
939 745 1089 802 liquet.
1158 745 1441 802 Omninoque
1468 745 1556 788 hac
1579 743 1875 802 explicatione
1903 743 1968 787 nil

264 810 512 862 lucramur,
549 806 782 865 quoniam,
821 822 934 864 quae
951 806 1284 851 vexillariorum
1312 821 1408 851 esse
1426 807 1658 864 dicuntur,
1700 807 1777 851 illa
1792 819 1967 864 propo—

267 872 351 915 sita
376 878 476 927 apte
501 869 713 925 explicari
736 876 974 926 nequeunt.
1774 902 1776 904 .
1901 900 1904 904 .

385 930 647 979 Levioribus
667 930 738 972 his
767 931 981 973 absolutis
1007 938 1286 974 transeamus
1315 932 1371 974 ad
1397 931 1626 989 graviora3
1664 930 1970 973 examinemus

264 994 432 1053 Lipsii‚
462 1007 596 1050 quam
612 991 811 1048 priorem
826 993 977 1049 posui,
1014 994 1298 1048 sententiam,
1333 993 1581 1049 expositam
1608 992 1665 1035 ab
1690 1006 1743 1035 eo
1770 993 1836 1034 ad⁴
1851 991 1966 1035 Ann.

265 1060 309 1112 I,
345 1072 437 1111 17.‚
475 1054 783 1097 confirmatam
801 1056 939 1111 ejusd.
964 1055 1066 1097 libri
1085 1070 1121 1097 c.
1141 1055 1214 1097 58.
1283 1056 1404 1098 Tota
1420 1055 1496 1097 illa
1516 1054 1668 1098 Taciti
1691 1054 1894 1096 narratio
1912 1054 1969 1096 de

267 1115 552 1162 seditionibus
571 1116 930 1159 Pannonio-arum
948 1125 993 1158 et
1011 1116 1380 1159 Germanicarum
1396 1116 1622 1173 legionum
1638 1116 1744 1158 inde
1774 1130 1802 1157 a
1829 1129 1865 1164 c,
1898 1130 1915 1157 1
1927 1116 1967 1158 6.

269 1178 404 1236 primi
431 1176 534 1218 libri
560 1176 753 1219 maxime
777 1177 866 1219 huc
893 1177 1005 1220 facit
1033 1191 1217 1234 eamque
1230 1209 1243 1231 ,
1301 1184 1519 1236 quatenus
1551 1178 1609 1221 ad
1641 1191 1739 1221 rem
1765 1183 1969 1221 nostram

265 1240 485 1300 pertinet,
517 1237 784 1284 succinctam
806 1239 881 1283 hie
903 1239 1182 1296 subjecturus
1203 1256 1313 1284 sum.

391 1302 537 1344 Nullis
550 1301 674 1343 novis
691 1301 837 1343 causis
856 1302 1093 1344 seditiones
1110 1301 1193 1344 has
1210 1308 1358 1344 motas
1374 1301 1514 1344 tradit
1530 1301 1740 1345 Tacitus:
1771 1308 1970 1346 mutatus

266 1364 473 1422 princeps
488 1369 535 1406 et
555 1375 655 1418 spes
671 1363 973 1418 praemiorum
995 1378 1051 1407 ex
1064 1362 1182 1406 bello
1202 1364 1318 1407 civili
1338 1379 1479 1418 unae,
1509 1365 1603 1418 jam
1621 1365 1797 1419 saepius
1820 1365 1924 1405 illae
1944 1379 1971 1405 a

265 1426 480 1469 militibus
497 1424 724 1477 arreptae,
746 1431 889 1467 erant.
938 1426 1056 1467 Nam
1072 1439 1204 1480 quum
1223 1424 1280 1465 ob
1291 1424 1478 1482 Augusti
1495 1431 1689 1468 mortem
1705 1424 1970 1468 intermissis

265 1486 406 1532 solitis
426 1484 587 1528 muniis
604 1484 920 1541 laboribusque
949 1485 1074 1527 miles
1095 1486 1323 1539 lascivire,
1377 1486 1579 1528 laborem
1607 1500 1659 1526 ac
1685 1487 1969 1540 disciplinam

265 1547 495 1603 aspernari
518 1546 760 1601 coepisset,
801 1545 1074 1588 Percennius
1100 1546 1299 1602 quidam,
1337 1559 1473 1602 quum
1499 1545 1672 1588 animos
1697 1546 1970 1589 commilito-

263 1623 372 1653 num
390 1608 446 1651 ad
465 1606 728 1651 seditionem
752 1607 859 1651 satis
883 1606 1150 1663 compositos
1174 1608 1316 1662 videt,
1356 1608 1569 1650 hortatur
1599 1623 1704 1663 eos,
1739 1616 1791 1651 ut
1815 1611 1970 1664 jugum

265 1671 518 1714 excutiant:
555 1672 653 1711 satis
669 1682 745 1724 per
777 1677 837 1712 tot
854 1683 974 1712 annos
996 1670 1154 1727 ignavia
1170 1668 1386 1726 peccatum,
1418 1668 1525 1727 quod
1540 1671 1685 1714 tricena
1704 1678 1776 1714 aut
1796 1669 1969 1729 quadra·

259 1745 363 1792 gena
388 1729 576 1787 stipmdia
591 1744 695 1772 senes
708 1765 720 1780 ,
750 1738 786 1772 et
797 1730 970 1788 plerique
993 1738 1174 1774 truncato
1206 1746 1254 1774 cx
1278 1731 1498 1774 vulneribus
1523 1745 1680 1788 corpore
1706 1732 1894 1780 tolermt5
1925 1748 1971 1775 ne

263 1796 429 1837 dimissis
445 1790 721 1849 quidcmfinem
743 1805 820 1833 esse
844 1791 1023 1838 militiam
1062 1792 1133 1833 sed
1155 1792 1268 1847 apud
1291 1791 1429 1835 vexilla
1455 1799 1622 1836 retentos
1635 1827 1648 1843 ,
1689 1792 1764 1836 alio
1790 1793 1971 1837 vocabulo

262 1854 406 1898 cosdem
423 1851 571 1896 labores
584 1852 775 1911 perferre.
838 1852 1007 1896 Dicunt
1027 1852 1166 1909 igitur
1174 1852 1378 1909 :primum
1392 1868 1432 1896 se
1450 1853 1523 1897 alio
1549 1856 1622 1897 sub
1646 1858 1794 1898 nomine
1811 1855 1839 1898 i.
1858 1871 1894 1898 e.
1919 1863 1971 1898 ut

263 1917 442 1971 Lipsius
462 1923 508 1957 et
527 1915 768 1957 Oberlinus
787 1922 910 1956 recte
930 1921 1179 1968 exponunt,
1210 1914 1504 1958 vexillariorum
1525 1918 1671 1958 nomine
1695 1917 1874 1959 eosdem
1898 1917 1970 1959 la-

263 1977 395 2018 bores
414 1974 646 2031 perferre3
676 1975 833 2017 deinde
853 1982 1117 2032 queruntur,
1147 1976 1264 2032 quod
1285 1989 1423 2032 supra
1439 1976 1596 2032 viginti
1612 1990 1755 2020 annos
1770 1977 1817 2020 in
1835 1992 1969 2022 exer-

263 2038 356 2082 citu
373 2037 671 2090 retineantur3
702 2038 820 2093 quod
843 2037 944 2080 inde
962 2036 1018 2078 ab
1041 2051 1094 2078 eo
1113 2043 1314 2091 tempore
1329 2038 1357 2080 i.
1377 2052 1415 2079 e.
1430 2051 1565 2093 quum
1580 2038 1749 2081 dimissi
1770 2041 1970 2095 praemia

264 2103 552 2154 exspectent,
585 2097 694 2152 ipsis
724 2097 803 2139 sub
819 2097 977 2141 vexillo
1000 2097 1221 2153 stipendia
1235 2097 1445 2141 facienda
1464 2099 1577 2154 sint3
1608 2100 1823 2157 denique,
1852 2115 1967 2158 pro-

261 2161 445 2203 missam
463 2158 800 2201 (immunitatem
825 2158 1031 2201 laborum
1058 2172 1149 2200 non
1180 2159 1369 2213 servari,
1406 2160 1597 2203 moleste
1623 2160 1793 2206 ferunt.
1863 2164 1968 2208 Hae

264 2222 321 2264 iis
352 2234 514 2263 causae
540 2225 667 2273 sunt,
719 2234 798 2261 cur
828 2234 965 2264 novas
996 2233 1070 2261 res
1101 2220 1356 2263 moliantur.
1386 2244 1444 2253 —
1495 2222 1666 2264 Eodem
1698 2224 1865 2280 capite,
1916 2231 1968 2267 ut

261 2284 349 2325 ista
368 2289 463 2323 tam
478 2282 664 2335 injusta,
693 2285 790 2322 ta'm
809 2280 1111 2327 intolerabilia
1125 2281 1309 2323 tandem
1337 2289 1533 2336 cessent,
1579 2286 1735 2328 suadet
1764 2287 1967 2329 Percen-

255 2345 381 2387 nius:
414 2350 461 2385 ut
479 2343 591 2385 certis
604 2341 751 2400 legibus
765 2340 901 2386 militia
916 2344 1094 2395 ineatur,
1124 2350 1172 2386 ut
1187 2342 1362 2401 singulos
1384 2342 1561 2386 dmarios
1584 2354 1779 2397 mereant,
1810 2354 1965 2390 sextus.

261 2405 425 2449 decimus
440 2402 619 2458 stipendii
637 2418 764 2446 annus
770 2401 894 2459 finem
912 2402 1095 2461 afferat:
1146 2418 1194 2446 m
1208 2403 1371 2461 amplius
1387 2407 1459 2448 sub
1474 2405 1620 2451 vexillis
1637 2414 1864 2462 teneantur,
1900 2409 1970 2454 sed

260 2467 393 2511 iisdem
411 2468 453 2508 ἱη
467 2466 608 2508 castris
620 2468 837 2520 praemium
847 2468 1009 2521 pecunia
1027 2465 1218 2509 solvatur.
1281 2467 1460 2509 Ultimis
1477 2467 1621 2510 verbis
1639 2470 1863 2525 innuitur,
1890 2486 1967 2515 eos

261 2529 390 2573 vanis
408 2526 640 2582 promissis
659 2527 805 2569 elusos
824 2541 962 2584 eoque
979 2528 1109 2570 modo
1121 2559 1134 2582 ,
1164 2527 1271 2571 dum
1292 2529 1494 2584 praemia
1515 2537 1849 2588 exspectarent,
1882 2534 1964 2578 de·-
