2171 2912
1061 186 1117 235 16

229 302 368 352 vexilla
393 301 550 360 ffrrc,
585 307 636 342 ut
661 300 941 343 demonstrat
956 301 1023 353 X,
1061 316 1076 343 1
1089 315 1131 357 9.
1199 300 1252 344 V
1245 300 1432 343 olummus
1452 302 1567 358 signa
1589 314 1724 345 cancre
1741 315 1786 344 ac
1811 300 1948 345 vaxilla

230 365 363 425 sfferri
389 379 409 407 c
435 365 576 407 castris
592 363 756 423 jus-sin
803 364 861 406 ad
890 378 1020 420 quem
1048 363 1194 405 Iocum
1217 362 1427 403 Duker‘us
1456 361 1620 404 nubem
1641 364 1948 418 exemplorum

232 426 422 485 collegit,
450 424 626 481 quibus,
654 425 998 476 demonstraret,
1018 438 1134 478 quae
1157 423 1201 465 h.
1224 423 1251 464 l.
1270 423 1426 474 vexilla,
1457 438 1509 464 ea
1527 425 1573 464 in
1594 422 1696 464 aliis
1709 424 1798 466 dici
1815 428 1947 484 signa.

234 487 427 543 Propius
445 494 601 531 tamen
619 487 677 530 ad
695 486 845 530 Taciti
866 500 1017 537 usum,
1042 499 1132 540 quo
1154 484 1381 527 interdum
1399 484 1612 527 vexillum
1626 486 1811 528 manuni
1829 501 1946 542 qua-

233 549 574 605 dringentorum
593 549 663 592 vel
679 548 1019 604 quingentorum
1048 546 1386 602 complectitur,
1428 546 1600 589 accedit
1626 546 1756 605 lopus
1774 546 1948 591 Caesa-

235 612 322 667 ris,
352 612 406 656 Β.
428 611 485 668 G
502 610 591 665 VI,
620 611 697 654 56..
714 608 953 664 complures
938 623 978 651 m
997 611 1139 651 castris
1159 623 1208 651 cx
1233 608 1442 668 legionibus
1468 612 1585 668 aegri
1607 609 1751 662 relicti,
1788 624 1837 653 ex
1865 614 1948 667 qai-

235 676 333 724 bus,
364 668 432 731 qiu'
450 661 517 715 ᾗσι·
533 674 658 727 spatio
681 671 828 712 dierum
849 669 1144 719 convaluerant,
1176 672 1325 712 circiter
1353 668 1468 714 CCC.
1492 671 1564 713 suh
1590 670 1727 714 vexIllo
1752 685 1832 714 una
1858 673 1945 725 mit·-

234 743 405 784 tantur:
438 748 578 793 magna
586 739 790 789 practerea
808 729 1015 775 multitudo
1035 730 1208 775 calonum
1224 735 1414 789 sequitur.
1461 733 1657 790 Parique
1674 734 1806 776 modo
1815 733 1945 778 Livio

235 797 407 852 passim
426 810 478 837 eo
498 808 629 836 sensu
650 794 958 847 supplementa
975 793 1032 833 ad
1066 794 1289 834 exercitus
1317 793 1399 834 sub
1425 794 1598 837 vexillis
1620 795 1759 837 missa
1785 794 1946 837 dicun-

236 865 325 901 tur.
388 857 563 900 Nomen
588 853 810 899 vexillarii
838 869 974 909 quum
1000 854 1131 897 Livio
1157 855 1344 907 dicitur,
1382 869 1559 909 semper
1585 856 1796 911 intelligit
1828 856 1944 909 eum,

239 918 314 976 qui
329 917 490 961 vexilla
507 923 667 987 gestat,
695 929 782 971 quo
802 931 935 957 sensu
951 915 1125 970 saepius
1141 916 1308 974 signifer
1327 915 1504 958 dieitur.
1547 916 1620 959 De
1635 931 1775 960 manu
1793 925 1945 960 autem·

237 979 434 1031 militum
448 977 717 1035 praesertim
734 978 856 1032 apud
886 977 1087 1033 argentei
1117 978 1213 1019 aevi
1248 978 1489 1032 scriptores
1510 963 1752 1020 adhibetur
1780 986 1947 1023 nomen

234 1040 579 1094 vexillariorum,
600 1045 651 1081 ut
675 1040 789 1095 apud
798 1039 1067 1095 Vellejuml.
1086 1039 1113 1082 1.
1136 1046 1181 1081 et
1190 1040 1309 1082 Suet.
1331 1039 1461 1082 Galb.
1483 1053 1553 1083 20.
1549 1039 1649 1083 ubi
1664 1040 1947 1085 vexillationum

237 1103 617 1147 Germanicianorum
652 1109 998 1154 comme1n01at3
1057 1116 1143 1156 quo
1179 1103 1277 1142 loco
1315 1101 1511 1144 vexillatio
1553 1103 1581 1143 i.
1614 1117 1655 1157 q.
1689 1102 1945 1165 conjunctio

235 1163 440 1221 plurium
461 1162 724 1219 vexillorum
760 1161 807 1204 in
842 1176 979 1205 unum
1010 1176 1174 1219 corpus
1210 1177 1307 1206 esse
1340 1162 1527 1207 videtur.
1599 1162 1758 1222 Longe
1792 1171 1944 1212 autem

234 1215 594 1281 frequentissima
615 1240 770 1267 eorum
786 1226 952 1266 mentio
978 1226 1097 1279 apud
1120 1226 1354 1277 Tacitum3
1388 1227 1525 1280 igitur
1542 1241 1634 1266 non
1660 1233 1813 1280 potest
1837 1240 1945 1279 11011,

232 1288 338 1344 quin
356 1285 434 1328 sub
456 1285 799 1341 imperatoribus
816 1285 996 1329 demum
1016 1301 1069 1328 ea
1086 1285 1192 1328 huic
1207 1285 1419 1330 vocabulo
1433 1286 1496 1330 vis
1507 1319 1518 1341 ,
1552 1302 1641 1345 qua
1661 1293 1759 1331 tum
1770 1284 1946 1345 'ubique

234 1348 479 1394 adhibitum
493 1347 713 1402 videmus,
745 1348 890 1389 indita
907 1349 977 1389 sit.
1043 1350 1166 1401 Jam,
1206 1350 1431 1403 quomodo
1447 1349 1501 1401 ,id
1524 1349 1697 1390 factum
1722 1350 1801 1403 sit,
1832 1363 1944 1403 pro·-

229 1410 420 1451 babilem
439 1408 662 1450 rationem
686 1408 849 1450 afferre
868 1408 1078 1463 conabor.
1142 1408 1445 1465 Temporibus
1466 1409 1637 1451 liberae
1648 1409 1766 1466 reip
1797 1409 1944 1451 inter—-

233 1472 339 1519 dum
361 1470 520 1524 fic,bat
550 1477 601 1512 ut
618 1475 776 1512 manus
797 1471 949 1527 aliqua
968 1486 1006 1513 e.
1024 1475 1063 1526 g.
1085 1471 1411 1524 trecentorum,
1445 1471 1512 1512 uti
1539 1470 1589 1512 fn
1607 1469 1815 1514 Caesaris
1843 1471 1942 1517 loco

233 1541 301 1585 est
319 1532 511 1605 (vexillum
530 1536 829 1591 quingmtormn
845 1531 967 1588 apud
981 1533 1207 1587 Tacitum,
1236 1546 1375 1588 supra
1391 1530 1670 1603 habuimus),
1701 1532 1785 1574 sub
1800 1533 1944 1577 vexil-

232 1596 276 1642 lo
297 1594 567 1645 mitteretur.
632 1595 768 1649 Signa
784 1595 921 1648 enim,
945 1594 1171 1652 religionis
1190 1609 1333 1636 causa
1345 1609 1371 1636 e
1391 1594 1565 1647 castris,
1585 1595 1671 1635 'nisi
1686 1609 1826 1650 quum
1842 1594 1945 1635 'tota

236 1656 351 1712 legio
367 1655 651 1711 procederet,
680 1655 830 1696 efferri
852 1658 944 1697 non
968 1662 1098 1710 pote1
1101 1659 1199 1711 a'nt3
1231 1655 1405 1711 itaque,
1441 1661 1493 1697 ut
1519 1654 1739 1701 haberent
1762 1655 1942 1709 milites,

236 1732 325 1773 quo
356 1722 626 1771 spectarent,
666 1715 825 1758 vexilla
850 1716 1194 1774 manipulorum·
1210 1717 1266 1758 ad
1289 1717 1336 1758 id
1364 1722 1509 1758 sumta
1536 1723 1652 1768 sunt.
1725 1718 1751 1758 J
1754 1732 1827 1758 am
1854 1716 1944 1757 illis

237 1776 513 1832 temporibus
531 1775 768 1818 admodum
785 1789 890 1818 raro
910 1775 1072 1819 milites
1092 1775 1170 1818 sub
1189 1776 1358 1820 vexillis
1372 1776 1494 1819 missi
1510 1777 1818 1833 inveniuntur3
1849 1792 1944 1831 cur,

238 1840 287 1885 in
318 1845 480 1893 aperto
502 1844 590 1880 est:
633 1837 826 1893 agebant
853 1844 951 1880 tum
976 1837 1193 1893 temporis
1218 1838 1414 1892 Romani
1441 1838 1683 1886 maximam
1699 1840 1876 1893 partem
1892 1839 1943 1879 ῑιι

238 1893 442 1955 gentibus
461 1898 696 1943 hostilibus
714 1898 782 1941 vel
797 1898 996 1940 nondum
1017 1899 1082 1940 fta
1099 1898 1293 1954 pacatis,
1324 1903 1377 1940 ut
1400 1912 1610 1941 numerus
1641 1899 1946 1956 quadringen-

236 1968 388 2005 torum
409 1960 479 2004 vel
497 1960 844 2016 quingentorum
864 1966 963 2003 tuto
985 1974 1186 2003 seorsum
1206 1960 1378 2003 versari
1395 1967 1559 2016 posset.

362 2022 587 2077 Augustus
607 2029 757 2064 autem
773 2024 815 2064 in
832 2035 876 2064 re
898 2021 1389 2069 militarietfcommutavit
1407 2021 1529 2065 multa
1547 2029 1585 2064 et
1607 2024 1779 2065 instituit
1805 2021 1948 2079 (Suet.

234 2083 348 2139 Aug.
367 2098 404 2125 c.
428 2080 570 2138 100.);
602 2082 735 2136 plura
754 2083 895 2125 etiam*
912 2084 1006 2140 ejus
1028 2098 1317 2140 successore&
1379 2083 1485 2126 Mos
1501 2081 1812 2126 veteranorum
1828 2085 1946 2139 apud

234 2143 419 2198 vexilla,
446 2144 554 2186 dum
571 2144 771 2199 praemia
788 2147 1122 2199 exspectarent,
1147 2145 1487 2188 retinendorum
1505 2144 1721 2200 paulatim
1740 2145 1945 2200 firmatus

236 2213 326 2261 est3
357 2205 637 2261 provinciae,
680 2204 727 2247 in
756 2204 914 2261 quibus
935 2206 1104 2248 milites
1130 2206 1342 2263 agebant,
1383 2207 1626 2249 maximam
1641 2213 1828 2261 ,partem
1853 2221 1942 2261 pa-

232 2273 381 2322 catae3
415 2266 761 2324 obedientesque
779 2266 949 2323 passim
963 2265 1261 2322 turbulentae,
1283 2267 1346 2309 nil
1362 2274 1515 2322 tamen
1532 2267 1757 2312 audentes.
1801 2269 1942 2323 Pote—

234 2336 343 2375 rant
369 2329 530 2386 singuli
556 2330 734 2373 numeri
760 2345 801 2385 a!
820 2342 1013 2385 corpore
1034 2328 1224 2386 legionis
1250 2330 1459 2384 disjuncti
1487 2331 1596 2372 satis
1622 2326 1722 2372 tuto
1752 2330 1943 2378 versari;

232 2392 322 2436 imo
349 2392 652 2435 necessarium
678 2398 803 2447 erat,
844 2398 897 2434 ut
920 2391 1001 2433 hic·
1020 2391 1116 2434 illic
1145 2391 1371 2448 praesidia
1396 2388 1743 2445 collocarentur,
1783 2398 1857 2447 ut,
1903 2392 1943 2435 si

232 2469 321 2512 qua
339 2469 449 2511 gens
463 2454 671 2499 timorem
687 2454 961 2511 praebebat,
989 2469 1048 2498 ne
1066 2454 1174 2513 quid
1192 2455 1403 2510 novaret,
1434 2454 1585 2496 statim
1609 2454 1835 2508 adessent,
1867 2455 1945 2511 qui

231 2517 448 2574 ejusmodi
468 2517 705 2560 conamina
725 2517 776 2572 in
789 2517 1020 2575 gliscendo„
1032 2516 1355 2574 opprimerent.
1421 2517 1614 2574 Jamqui
1639 2516 1944 2573 inpraesidiis
