<?xml version="1.0" encoding="UTF-8"?>
<!DOCTYPE html PUBLIC "-//W3C//DTD XHTML 1.0 Transitional//EN"
    "http://www.w3.org/TR/xhtml1/DTD/xhtml1-transitional.dtd">
<html xmlns="http://www.w3.org/1999/xhtml" xml:lang="en" lang="en">
 <head>
  <title>
</title>
<meta http-equiv="Content-Type" content="text/html;charset=utf-8" />
  <meta name='ocr-system' content='tesseract 3.04.00' />
  <meta name='ocr-capabilities' content='ocr_page ocr_carea ocr_par ocr_line ocrx_word'/>
</head>
<body>
  <div class='ocr_page' id='page_1' title='image "./4630613_0013.png"; bbox 0 0 2171 2912; ppageno 0'>
   <div class='ocr_carea' id='block_1_1' title="bbox 768 245 949 258">
    <p class='ocr_par' dir='ltr' id='par_1_1' title="bbox 768 245 949 258">
     <span class='ocr_line' id='line_1_1' title="bbox 768 245 949 258; baseline 0 0"><span class='ocrx_word' id='word_1_1' title='bbox 768 245 949 258; x_wconf 95' lang='lat' dir='ltr'><strong> </strong></span> 
     </span>
    </p>
   </div>
   <div class='ocr_carea' id='block_1_2' title="bbox 1198 248 1377 260">
    <p class='ocr_par' dir='ltr' id='par_1_2' title="bbox 1198 248 1377 260">
     <span class='ocr_line' id='line_1_2' title="bbox 1198 248 1377 260; baseline 0 0"><span class='ocrx_word' id='word_1_2' title='bbox 1198 248 1377 260; x_wconf 95' lang='lat' dir='ltr'><strong> </strong></span> 
     </span>
    </p>
   </div>
   <div class='ocr_carea' id='block_1_3' title="bbox 1061 240 1086 282">
    <p class='ocr_par' dir='ltr' id='par_1_3' title="bbox 1061 240 1086 282">
     <span class='ocr_line' id='line_1_3' title="bbox 1061 240 1086 282; baseline 0 0"><span class='ocrx_word' id='word_1_3' title='bbox 1061 240 1086 282; x_wconf 90' lang='grc'><strong><em>7</em></strong></span> 
     </span>
    </p>
   </div>
   <div class='ocr_carea' id='block_1_4' title="bbox 207 336 1924 2055">
    <p class='ocr_par' dir='ltr' id='par_1_4' title="bbox 218 336 1924 570">
     <span class='ocr_line' id='line_1_4' title="bbox 222 336 1923 397; baseline -0.002 -13"><span class='ocrx_word' id='word_1_4' title='bbox 222 355 320 384; x_wconf 87' lang='lat' dir='ltr'><strong>cem</strong></span> <span class='ocrx_word' id='word_1_5' title='bbox 340 353 393 382; x_wconf 87' lang='lat' dir='ltr'><strong>ac</strong></span> <span class='ocrx_word' id='word_1_6' title='bbox 410 338 565 395; x_wconf 86' lang='lat' dir='ltr'><strong>plures</strong></span> <span class='ocrx_word' id='word_1_7' title='bbox 586 336 722 382; x_wconf 84' lang='lat' dir='ltr'><strong>etiam</strong></span> <span class='ocrx_word' id='word_1_8' title='bbox 743 341 883 380; x_wconf 79' lang='lat' dir='ltr'><strong>¹annos</strong></span> <span class='ocrx_word' id='word_1_9' title='bbox 911 337 990 380; x_wconf 87' lang='lat' dir='ltr'><strong>sub</strong></span> <span class='ocrx_word' id='word_1_10' title='bbox 1017 336 1388 382; x_wconf 85' lang='lat' dir='ltr'><strong>vexillis·habitos</strong></span> <span class='ocrx_word' id='word_1_11' title='bbox 1416 354 1523 382; x_wconf 82' lang='lat' dir='ltr'><strong>esse.</strong></span> <span class='ocrx_word' id='word_1_12' title='bbox 1550 364 1609 373; x_wconf 89' lang='lat'>—</span> <span class='ocrx_word' id='word_1_13' title='bbox 1642 340 1779 397; x_wconf 86' lang='lat' dir='ltr'><strong>Quod</strong></span> <span class='ocrx_word' id='word_1_14' title='bbox 1805 339 1923 382; x_wconf 84' lang='lat' dir='ltr'><strong>Per-</strong></span> 
     </span>
     <span class='ocr_line' id='line_1_5' title="bbox 219 397 1922 455; baseline 0 -11"><span class='ocrx_word' id='word_1_15' title='bbox 219 401 403 444; x_wconf 32' lang='lat' dir='ltr'><strong>&#39;cennius</strong></span> <span class='ocrx_word' id='word_1_16' title='bbox 431 399 804 443; x_wconf 81' lang='lat' dir='ltr'>commilitonibus</span> <span class='ocrx_word' id='word_1_17' title='bbox 837 398 996 453; x_wconf 81' lang='lat' dir='ltr'><strong>suasit,</strong></span> <span class='ocrx_word' id='word_1_18' title='bbox 1049 398 1093 440; x_wconf 88' lang='lat' dir='ltr'><strong>id</strong></span> <span class='ocrx_word' id='word_1_19' title='bbox 1121 397 1167 441; x_wconf 90' lang='lat' dir='ltr'><strong>in</strong></span> <span class='ocrx_word' id='word_1_20' title='bbox 1196 413 1289 455; x_wconf 88' lang='lat' dir='ltr'><strong>sqq.</strong></span> <span class='ocrx_word' id='word_1_21' title='bbox 1324 399 1528 443; x_wconf 85' lang='lat' dir='ltr'><strong>Clemens</strong></span> <span class='ocrx_word' id='word_1_22' title='bbox 1556 398 1763 443; x_wconf 83' lang='lat' dir='ltr'><strong>centurio</strong></span> <span class='ocrx_word' id='word_1_23' title='bbox 1792 399 1922 444; x_wconf 91' lang='lat' dir='ltr'><strong>Dru-</strong></span> 
     </span>
     <span class='ocr_line' id='line_1_6' title="bbox 221 460 1924 516; baseline 0.001 -10"><span class='ocrx_word' id='word_1_24' title='bbox 221 468 343 516; x_wconf 85' lang='lat' dir='ltr'><strong>sum,</strong></span> <span class='ocrx_word' id='word_1_25' title='bbox 391 479 418 505; x_wconf 83' lang='lat' dir='ltr'><strong>a</strong></span> <span class='ocrx_word' id='word_1_26' title='bbox 436 460 698 507; x_wconf 73' lang='lat' dir='ltr'><strong>Tiberioad</strong></span> <span class='ocrx_word' id='word_1_27' title='bbox 714 468 861 505; x_wconf 84' lang='lat' dir='ltr'><strong>motus</strong></span> <span class='ocrx_word' id='word_1_28' title='bbox 892 461 1108 504; x_wconf 83' lang='lat' dir='ltr'><strong>sedandos</strong></span> <span class='ocrx_word' id='word_1_29' title='bbox 1137 460 1323 516; x_wconf 86' lang='lat' dir='ltr'><strong>missus,</strong></span> <span class='ocrx_word' id='word_1_30' title='bbox 1357 463 1519 516; x_wconf 84' lang='lat' dir='ltr'><strong>poscit:</strong></span> <span class='ocrx_word' id='word_1_31' title='bbox 1583 478 1629 506; x_wconf 74' lang='lat' dir='ltr'><strong>ne</strong></span> <span class='ocrx_word' id='word_1_32' title='bbox 1651 465 1824 507; x_wconf 76' lang='lat' dir='ltr'><strong>veterani</strong></span> <span class='ocrx_word' id='word_1_33' title='bbox 1844 463 1924 506; x_wconf 72' lang='lat' dir='ltr'><strong>&#39;sub</strong></span> 
     </span>
     <span class='ocr_line' id='line_1_7' title="bbox 218 521 617 570; baseline -0.005 -2"><span class='ocrx_word' id='word_1_34' title='bbox 218 521 364 570; x_wconf 60' lang='lat' dir='ltr'><strong>vexatis</strong></span> <span class='ocrx_word' id='word_1_35' title='bbox 388 525 617 569; x_wconf 76' lang='lat' dir='ltr'><em>habeantur.</em></span> 
     </span>
    </p>

    <p class='ocr_par' dir='ltr' id='par_1_5' title="bbox 207 584 1923 1386">
     <span class='ocr_line' id='line_1_8' title="bbox 343 584 1921 642; baseline 0.001 -14"><span class='ocrx_word' id='word_1_36' title='bbox 343 588 495 642; x_wconf 81' lang='lat' dir='ltr'><strong>Quae-</strong></span> <span class='ocrx_word' id='word_1_37' title='bbox 516 584 764 641; x_wconf 79' lang='lat' dir='ltr'><strong>legionibus</strong></span> <span class='ocrx_word' id='word_1_38' title='bbox 803 584 1069 627; x_wconf 84' lang='lat' dir='ltr'><strong>Pannonicis</strong></span> <span class='ocrx_word' id='word_1_39' title='bbox 1101 600 1237 627; x_wconf 86' lang='lat' dir='ltr'><strong>causa</strong></span> <span class='ocrx_word' id='word_1_40' title='bbox 1270 584 1502 627; x_wconf 81' lang='lat' dir='ltr'><strong>seditionis</strong></span> <span class='ocrx_word' id='word_1_41' title='bbox 1532 584 1702 640; x_wconf 80' lang='lat' dir='ltr'><strong>fuerat,</strong></span> <span class='ocrx_word' id='word_1_42' title='bbox 1764 586 1921 630; x_wconf 86' lang='lat' dir='ltr'><strong>eadem</strong></span> 
     </span>
     <span class='ocr_line' id='line_1_9' title="bbox 220 646 1921 706; baseline -0.002 -13"><span class='ocrx_word' id='word_1_43' title='bbox 220 650 375 693; x_wconf 86' lang='lat' dir='ltr'><strong>eodem</strong></span> <span class='ocrx_word' id='word_1_44' title='bbox 395 647 540 692; x_wconf 82' lang='lat' dir='ltr'><strong>ferme</strong></span> <span class='ocrx_word' id='word_1_45' title='bbox 555 654 757 703; x_wconf 84' lang='lat' dir='ltr'><strong>tempore</strong></span> <span class='ocrx_word' id='word_1_46' title='bbox 776 646 1055 690; x_wconf 79' lang='lat' dir='ltr'><strong>Germanicis</strong></span> <span class='ocrx_word' id='word_1_47' title='bbox 1074 662 1247 704; x_wconf 89' lang='lat' dir='ltr'><strong>quoque</strong></span> <span class='ocrx_word' id='word_1_48' title='bbox 1270 646 1370 690; x_wconf 81' lang='lat' dir='ltr'><strong>fuit.</strong></span> <span class='ocrx_word' id='word_1_49' title='bbox 1439 649 1571 704; x_wconf 83' lang='lat' dir='ltr'><strong>Quae</strong></span> <span class='ocrx_word' id='word_1_50' title='bbox 1585 646 1639 689; x_wconf 82' lang='lat' dir='ltr'><strong>ab</strong></span> <span class='ocrx_word' id='word_1_51' title='bbox 1656 648 1764 703; x_wconf 80' lang='lat' dir='ltr'><strong>illis,</strong></span> <span class='ocrx_word' id='word_1_52' title='bbox 1783 646 1851 706; x_wconf 19' lang='lat' dir='ltr'><strong>*ea*</strong></span> <span class='ocrx_word' id='word_1_53' title='bbox 1864 647 1921 692; x_wconf 78' lang='lat' dir='ltr'><strong>ab</strong></span> 
     </span>
     <span class='ocr_line' id='line_1_10' title="bbox 217 708 1922 767; baseline -0.001 -14"><span class='ocrx_word' id='word_1_54' title='bbox 217 711 290 754; x_wconf 86' lang='lat' dir='ltr'><strong>his</strong></span> <span class='ocrx_word' id='word_1_55' title='bbox 308 724 482 767; x_wconf 90' lang='lat' dir='ltr'><strong>quoque</strong></span> <span class='ocrx_word' id='word_1_56' title='bbox 501 708 859 766; x_wconf 82' lang='lat' dir='ltr'><strong>opprobrantur3</strong></span> <span class='ocrx_word' id='word_1_57' title='bbox 899 723 1013 764; x_wconf 84' lang='lat' dir='ltr'><strong>quae</strong></span> <span class='ocrx_word' id='word_1_58' title='bbox 1033 708 1119 762; x_wconf 84' lang='lat' dir='ltr'><strong>illi,</strong></span> <span class='ocrx_word' id='word_1_59' title='bbox 1163 723 1216 750; x_wconf 84' lang='lat' dir='ltr'><strong>ea</strong></span> <span class='ocrx_word' id='word_1_60' title='bbox 1236 709 1323 763; x_wconf 87' lang='lat' dir='ltr'><strong>ipsi</strong></span> <span class='ocrx_word' id='word_1_61' title='bbox 1341 723 1516 765; x_wconf 89' lang='lat' dir='ltr'><strong>quoque</strong></span> <span class='ocrx_word' id='word_1_62' title='bbox 1536 708 1767 764; x_wconf 84' lang='lat' dir='ltr'><strong>flagitant,</strong></span> <span class='ocrx_word' id='word_1_63' title='bbox 1799 710 1922 751; x_wconf 81' lang='lat' dir='ltr'><strong>cica-</strong></span> 
     </span>
     <span class='ocr_line' id='line_1_11' title="bbox 217 769 1920 827; baseline -0.002 -10"><span class='ocrx_word' id='word_1_64' title='bbox 217 772 380 827; x_wconf 75' lang='lat' dir='ltr'><strong>trices,</strong></span> <span class='ocrx_word' id='word_1_65' title='bbox 408 769 644 816; x_wconf 80' lang='lat' dir='ltr'><strong>verberum</strong></span> <span class='ocrx_word' id='word_1_66' title='bbox 662 776 791 812; x_wconf 80' lang='lat' dir='ltr'><strong>notas</strong></span> <span class='ocrx_word' id='word_1_67' title='bbox 810 776 1056 812; x_wconf 88' lang='lat' dir='ltr'><strong>ostentant:</strong></span> <span class='ocrx_word' id='word_1_68' title='bbox 1087 773 1350 814; x_wconf 78' lang='lat' dir='ltr'><strong>atrocissimus</strong></span> <span class='ocrx_word' id='word_1_69' title='bbox 1370 778 1640 813; x_wconf 77' lang='lat' dir='ltr'><strong>veteranorum</strong></span> <span class='ocrx_word' id='word_1_70' title='bbox 1661 769 1805 813; x_wconf 79' lang='lat' dir='ltr'><strong>clamor</strong></span> <span class='ocrx_word' id='word_1_71' title='bbox 1827 773 1920 814; x_wconf 75' lang='lat' dir='ltr'><strong>orie·</strong></span> 
     </span>
     <span class='ocr_line' id='line_1_12' title="bbox 218 831 1923 891; baseline -0.002 -13"><span class='ocrx_word' id='word_1_72' title='bbox 218 836 363 885; x_wconf 72' lang='lat' dir='ltr'><strong>batur,</strong></span> <span class='ocrx_word' id='word_1_73' title='bbox 409 835 477 891; x_wconf 77' lang='lat' dir='ltr'><strong>qui</strong></span> <span class='ocrx_word' id='word_1_74' title='bbox 500 834 645 875; x_wconf 77' lang='lat' dir='ltr'><strong>tricena</strong></span> <span class='ocrx_word' id='word_1_75' title='bbox 671 839 742 875; x_wconf 84' lang='lat' dir='ltr'><strong>aut</strong></span> <span class='ocrx_word' id='word_1_76' title='bbox 766 847 890 888; x_wconf 79' lang='lat' dir='ltr'><strong>supra</strong></span> <span class='ocrx_word' id='word_1_77' title='bbox 914 831 1101 886; x_wconf 70' lang='lat' dir='ltr'><strong>stipendia</strong></span> <span class='ocrx_word' id='word_1_78' title='bbox 1124 841 1390 883; x_wconf 73' lang='lat' dir='ltr'><strong>munerantes,</strong></span> <span class='ocrx_word' id='word_1_79' title='bbox 1428 833 1645 875; x_wconf 80' lang='lat' dir='ltr'><strong>mederetur</strong></span> <span class='ocrx_word' id='word_1_80' title='bbox 1657 831 1810 890; x_wconf 73' lang='lat' dir='ltr'><strong>fissis,</strong></span> <span class='ocrx_word' id='word_1_81' title='bbox 1851 846 1923 875; x_wconf 65' lang='lat' dir='ltr'><strong>mu</strong></span> 
     </span>
     <span class='ocr_line' id='line_1_13' title="bbox 215 891 1924 963; baseline -0.003 -23"><span class='ocrx_word' id='word_1_82' title='bbox 215 904 376 940; x_wconf 76' lang='lat' dir='ltr'><strong>mortem</strong></span> <span class='ocrx_word' id='word_1_83' title='bbox 399 897 441 937; x_wconf 76' lang='lat' dir='ltr'><strong>in</strong></span> <span class='ocrx_word' id='word_1_84' title='bbox 465 893 597 938; x_wconf 79' lang='lat' dir='ltr'><strong>iisdem</strong></span> <span class='ocrx_word' id='word_1_85' title='bbox 616 894 833 945; x_wconf 81' lang='lat' dir='ltr'><strong>laboribus,</strong></span> <span class='ocrx_word' id='word_1_86' title='bbox 872 891 1069 949; x_wconf 80' lang='lat' dir='ltr'><strong>scdfinem</strong></span> <span class='ocrx_word' id='word_1_87' title='bbox 1093 902 1173 936; x_wconf 82' lang='lat' dir='ltr'><strong>tam</strong></span> <span class='ocrx_word' id='word_1_88' title='bbox 1196 898 1377 937; x_wconf 73' lang='lat' dir='ltr'><em>exercitae</em></span> <span class='ocrx_word' id='word_1_89' title='bbox 1394 893 1547 937; x_wconf 78' lang='lat' dir='ltr'><strong>militiae</strong></span> <span class='ocrx_word' id='word_1_90' title='bbox 1564 908 1680 952; x_wconf 77' lang='lat' dir='ltr'><strong>neque</strong></span> <span class='ocrx_word' id='word_1_91' title='bbox 1698 897 1862 963; x_wconf 43' lang='lat' dir='ltr'><strong>inopem·</strong></span> <span class='ocrx_word' id='word_1_92' title='bbox 1862 907 1924 935; x_wconf 80' lang='lat' dir='ltr'><strong>re-</strong></span> 
     </span>
     <span class='ocr_line' id='line_1_14' title="bbox 216 954 1923 1027; baseline -0.001 -27"><span class='ocrx_word' id='word_1_93' title='bbox 216 960 338 1015; x_wconf 79' lang='lat' dir='ltr'><strong>quiem</strong></span> <span class='ocrx_word' id='word_1_94' title='bbox 360 957 541 1000; x_wconf 77' lang='lat' dir='ltr'><strong>orabant.</strong></span> <span class='ocrx_word' id='word_1_95' title='bbox 601 955 668 998; x_wconf 92' lang='lat' dir='ltr'><strong>Ut</strong></span> <span class='ocrx_word' id='word_1_96' title='bbox 692 955 1018 1026; x_wconf 81' lang='lat' dir='ltr'><strong>quodammodo</strong></span> <span class='ocrx_word' id='word_1_97' title='bbox 1038 955 1320 1027; x_wconf 74' lang='lat' dir='ltr'><strong>sedarentur,</strong></span> <span class='ocrx_word' id='word_1_98' title='bbox 1353 956 1522 1011; x_wconf 84' lang='lat' dir='ltr'><strong>placuit</strong></span> <span class='ocrx_word' id='word_1_99' title='bbox 1541 955 1728 998; x_wconf 76' lang='lat' dir='ltr'><strong>litteras</strong></span> <span class='ocrx_word' id='word_1_100' title='bbox 1739 954 1923 999; x_wconf 83' lang='lat' dir='ltr'><strong>nomine</strong></span> 
     </span>
     <span class='ocr_line' id='line_1_15' title="bbox 214 1016 1922 1074; baseline 0.001 -15"><span class='ocrx_word' id='word_1_101' title='bbox 214 1018 434 1074; x_wconf 87' lang='lat' dir='ltr'><strong>principis</strong></span> <span class='ocrx_word' id='word_1_102' title='bbox 449 1016 675 1071; x_wconf 86' lang='lat' dir='ltr'><strong>componi,</strong></span> <span class='ocrx_word' id='word_1_103' title='bbox 716 1016 875 1071; x_wconf 85' lang='lat' dir='ltr'><strong>quibus</strong></span> <span class='ocrx_word' id='word_1_104' title='bbox 896 1019 1106 1058; x_wconf 81' lang='lat' dir='ltr'><strong>missionem</strong></span> <span class='ocrx_word' id='word_1_105' title='bbox 1124 1017 1214 1060; x_wconf 86' lang='lat' dir='ltr'><strong>dari</strong></span> <span class='ocrx_word' id='word_1_106' title='bbox 1231 1020 1355 1059; x_wconf 58' lang='lat' dir='ltr'><strong>nicena</strong></span> <span class='ocrx_word' id='word_1_107' title='bbox 1379 1017 1568 1072; x_wconf 73' lang='lat' dir='ltr'><strong>stipendia</strong></span> <span class='ocrx_word' id='word_1_108' title='bbox 1592 1019 1764 1063; x_wconf 59' lang='lat' dir='ltr'><strong>mes-itin</strong></span> <span class='ocrx_word' id='word_1_109' title='bbox 1801 1030 1922 1060; x_wconf 76' lang='lat' dir='ltr'><strong>exau·</strong></span> 
     </span>
     <span class='ocr_line' id='line_1_16' title="bbox 215 1077 1922 1137; baseline -0.002 -13"><span class='ocrx_word' id='word_1_110' title='bbox 215 1081 387 1131; x_wconf 71' lang='lat' dir='ltr'><strong>ctorari,</strong></span> <span class='ocrx_word' id='word_1_111' title='bbox 425 1080 494 1137; x_wconf 79' lang='lat' dir='ltr'><strong>qui</strong></span> <span class='ocrx_word' id='word_1_112' title='bbox 519 1077 707 1121; x_wconf 67' lang='lat' dir='ltr'><strong>mudena</strong></span> <span class='ocrx_word' id='word_1_113' title='bbox 723 1077 933 1135; x_wconf 78' lang='lat' dir='ltr'><strong>fecissent,</strong></span> <span class='ocrx_word' id='word_1_114' title='bbox 966 1092 1010 1120; x_wconf 87' lang='lat' dir='ltr'><strong>ac</strong></span> <span class='ocrx_word' id='word_1_115' title='bbox 1038 1081 1196 1121; x_wconf 82' lang='lat' dir='ltr'><strong>retineri</strong></span> <span class='ocrx_word' id='word_1_116' title='bbox 1221 1079 1293 1121; x_wconf 82' lang='lat' dir='ltr'><strong>sub</strong></span> <span class='ocrx_word' id='word_1_117' title='bbox 1307 1077 1474 1129; x_wconf 73' lang='lat' dir='ltr'><strong>vexillo,</strong></span> <span class='ocrx_word' id='word_1_118' title='bbox 1501 1085 1707 1121; x_wconf 80' lang='lat' dir='ltr'><strong>ceterorum</strong></span> <span class='ocrx_word' id='word_1_119' title='bbox 1723 1080 1922 1130; x_wconf 76' lang='lat' dir='ltr'><strong>immunes,</strong></span> 
     </span>
     <span class='ocr_line' id='line_1_17' title="bbox 215 1139 1923 1197; baseline -0.002 -13"><span class='ocrx_word' id='word_1_120' title='bbox 215 1144 291 1184; x_wconf 78' lang='lat' dir='ltr'><strong>nisi</strong></span> <span class='ocrx_word' id='word_1_121' title='bbox 319 1139 582 1197; x_wconf 66' lang='lat' dir='ltr'><strong>propulsandi</strong></span> <span class='ocrx_word' id='word_1_122' title='bbox 618 1140 740 1183; x_wconf 73' lang='lat' dir='ltr'><strong>hostis</strong></span> <span class='ocrx_word' id='word_1_123' title='bbox 774 1142 989 1194; x_wconf 88' lang='lat' dir='ltr'><strong>scriptum</strong></span> <span class='ocrx_word' id='word_1_124' title='bbox 1029 1146 1138 1181; x_wconf 84' lang='lat' dir='ltr'><strong>erat.</strong></span> <span class='ocrx_word' id='word_1_125' title='bbox 1200 1141 1316 1182; x_wconf 87' lang='lat' dir='ltr'><strong>Eam</strong></span> <span class='ocrx_word' id='word_1_126' title='bbox 1346 1139 1676 1181; x_wconf 81' lang='lat' dir='ltr'><strong>immunitatem</strong></span> <span class='ocrx_word' id='word_1_127' title='bbox 1700 1144 1923 1195; x_wconf 77' lang='lat' dir='ltr'><strong>perquam</strong></span> 
     </span>
     <span class='ocr_line' id='line_1_18' title="bbox 217 1199 1922 1261; baseline -0.001 -13"><span class='ocrx_word' id='word_1_128' title='bbox 217 1202 449 1261; x_wconf 78' lang='lat' dir='ltr'><strong>antiquam</strong></span> <span class='ocrx_word' id='word_1_129' title='bbox 470 1215 568 1253; x_wconf 78' lang='lat' dir='ltr'><strong>esse</strong></span> <span class='ocrx_word' id='word_1_130' title='bbox 584 1200 716 1245; x_wconf 88' lang='lat' dir='ltr'><strong>docet</strong></span> <span class='ocrx_word' id='word_1_131' title='bbox 736 1200 832 1247; x_wconf 86' lang='lat' dir='ltr'><strong>Liv.</strong></span> <span class='ocrx_word' id='word_1_132' title='bbox 857 1217 880 1258; x_wconf 90' lang='lat'><strong><em>7</em></strong></span> <span class='ocrx_word' id='word_1_133' title='bbox 896 1233 908 1254; x_wconf 89' lang='lat'>‚</span> <span class='ocrx_word' id='word_1_134' title='bbox 937 1216 977 1257; x_wconf 85' lang='lat'><strong>7.</strong></span> <span class='ocrx_word' id='word_1_135' title='bbox 1001 1203 1184 1246; x_wconf 80' lang='lat' dir='ltr'><strong>immunes</strong></span> <span class='ocrx_word' id='word_1_136' title='bbox 1205 1216 1353 1261; x_wconf 79' lang='lat' dir='ltr'><strong>quoque</strong></span> <span class='ocrx_word' id='word_1_137' title='bbox 1378 1216 1535 1258; x_wconf 79' lang='lat' dir='ltr'><strong>operum</strong></span> <span class='ocrx_word' id='word_1_138' title='bbox 1555 1199 1782 1246; x_wconf 72' lang='lat' dir='ltr'><strong>militariam</strong></span> <span class='ocrx_word' id='word_1_139' title='bbox 1807 1207 1922 1247; x_wconf 79' lang='lat' dir='ltr'><strong>erant</strong></span> 
     </span>
     <span class='ocr_line' id='line_1_19' title="bbox 216 1262 1921 1323; baseline -0.001 -17"><span class='ocrx_word' id='word_1_140' title='bbox 216 1266 442 1323; x_wconf 82' lang='lat' dir='ltr'><strong>(cohortes</strong></span> <span class='ocrx_word' id='word_1_141' title='bbox 459 1262 802 1318; x_wconf 85' lang='lat' dir='ltr'><strong>Hernicorum),</strong></span> <span class='ocrx_word' id='word_1_142' title='bbox 839 1266 942 1305; x_wconf 82' lang='lat' dir='ltr'><strong>utin</strong></span> <span class='ocrx_word' id='word_1_143' title='bbox 963 1278 1081 1304; x_wconf 83' lang='lat' dir='ltr'><strong>unum</strong></span> <span class='ocrx_word' id='word_1_144' title='bbox 1092 1277 1253 1322; x_wconf 78' lang='lat' dir='ltr'><strong>pugnae</strong></span> <span class='ocrx_word' id='word_1_145' title='bbox 1269 1264 1434 1306; x_wconf 77' lang='lat' dir='ltr'><strong>laborem</strong></span> <span class='ocrx_word' id='word_1_146' title='bbox 1451 1266 1664 1315; x_wconf 79' lang='lat' dir='ltr'><strong>reservati,</strong></span> <span class='ocrx_word' id='word_1_147' title='bbox 1690 1263 1782 1319; x_wconf 79' lang='lat' dir='ltr'><strong>plus</strong></span> <span class='ocrx_word' id='word_1_148' title='bbox 1804 1275 1921 1321; x_wconf 80' lang='lat' dir='ltr'><strong>quam</strong></span> 
     </span>
     <span class='ocr_line' id='line_1_20' title="bbox 207 1323 1002 1386; baseline -0.004 -15"><span class='ocrx_word' id='word_1_149' title='bbox 207 1340 290 1386; x_wconf 75' lang='lat' dir='ltr'><strong>pro</strong></span> <span class='ocrx_word' id='word_1_150' title='bbox 311 1323 417 1371; x_wconf 77' lang='lat' dir='ltr'><strong>virili</strong></span> <span class='ocrx_word' id='word_1_151' title='bbox 440 1330 560 1382; x_wconf 76' lang='lat' dir='ltr'><strong>parte</strong></span> <span class='ocrx_word' id='word_1_152' title='bbox 583 1323 829 1369; x_wconf 76' lang='lat' dir='ltr'><strong>adnitendum</strong></span> <span class='ocrx_word' id='word_1_153' title='bbox 850 1326 1002 1369; x_wconf 80' lang='lat' dir='ltr'><strong>scirent.</strong></span> 
     </span>
    </p>

    <p class='ocr_par' dir='ltr' id='par_1_6' title="bbox 210 1386 1919 1921">
     <span class='ocr_line' id='line_1_21' title="bbox 338 1386 1918 1444; baseline 0.001 -18"><span class='ocrx_word' id='word_1_154' title='bbox 338 1389 392 1430; x_wconf 90' lang='lat' dir='ltr'><strong>In</strong></span> <span class='ocrx_word' id='word_1_155' title='bbox 407 1387 507 1427; x_wconf 88' lang='lat' dir='ltr'><strong>loco</strong></span> <span class='ocrx_word' id='word_1_156' title='bbox 529 1387 753 1441; x_wconf 87' lang='lat' dir='ltr'><strong>superiori</strong></span> <span class='ocrx_word' id='word_1_157' title='bbox 774 1393 1024 1441; x_wconf 88' lang='lat' dir='ltr'><strong>queruntur</strong></span> <span class='ocrx_word' id='word_1_158' title='bbox 1036 1417 1048 1439; x_wconf 94' lang='lat'><strong>,</strong></span> <span class='ocrx_word' id='word_1_159' title='bbox 1080 1386 1183 1443; x_wconf 82' lang='lat' dir='ltr'><strong>quod</strong></span> <span class='ocrx_word' id='word_1_160' title='bbox 1199 1399 1245 1427; x_wconf 78' lang='lat' dir='ltr'><strong>ne</strong></span> <span class='ocrx_word' id='word_1_161' title='bbox 1266 1386 1433 1429; x_wconf 82' lang='lat' dir='ltr'><strong>dimissis</strong></span> <span class='ocrx_word' id='word_1_162' title='bbox 1453 1386 1603 1444; x_wconf 63' lang='lat' dir='ltr'><strong>quidm»</strong></span> <span class='ocrx_word' id='word_1_163' title='bbox 1626 1389 1754 1429; x_wconf 75' lang='lat' dir='ltr'><strong>missio</strong></span> <span class='ocrx_word' id='word_1_164' title='bbox 1772 1386 1918 1434; x_wconf 64' lang='lat' dir='ltr'><strong>datum·</strong></span> 
     </span>
     <span class='ocr_line' id='line_1_22' title="bbox 213 1445 1916 1516; baseline -0.002 -22"><span class='ocrx_word' id='word_1_165' title='bbox 213 1450 260 1494; x_wconf 87' lang='lat' dir='ltr'><strong>in</strong></span> <span class='ocrx_word' id='word_1_166' title='bbox 284 1448 374 1492; x_wconf 87' lang='lat' dir='ltr'><strong>hoc</strong></span> <span class='ocrx_word' id='word_1_167' title='bbox 405 1447 512 1516; x_wconf 76' lang='lat' dir='ltr'><strong>quia</strong></span> <span class='ocrx_word' id='word_1_168' title='bbox 534 1453 639 1503; x_wconf 90' lang='lat' dir='ltr'><strong>post</strong></span> <span class='ocrx_word' id='word_1_169' title='bbox 663 1445 919 1493; x_wconf 85' lang='lat' dir='ltr'><strong>missionem</strong></span> <span class='ocrx_word' id='word_1_170' title='bbox 948 1446 1027 1490; x_wconf 87' lang='lat' dir='ltr'><strong>diu</strong></span> <span class='ocrx_word' id='word_1_171' title='bbox 1053 1447 1328 1502; x_wconf 85' lang='lat' dir='ltr'><strong>retinentur,</strong></span> <span class='ocrx_word' id='word_1_172' title='bbox 1373 1454 1503 1491; x_wconf 82' lang='lat' dir='ltr'><strong>orant</strong></span> <span class='ocrx_word' id='word_1_173' title='bbox 1529 1447 1664 1491; x_wconf 88' lang='lat' dir='ltr'><strong>finem</strong></span> <span class='ocrx_word' id='word_1_174' title='bbox 1689 1447 1916 1491; x_wconf 82' lang='lat' dir='ltr'><strong>exercitae</strong></span> 
     </span>
     <span class='ocr_line' id='line_1_23' title="bbox 212 1508 1919 1576; baseline -0.001 -24"><span class='ocrx_word' id='word_1_175' title='bbox 212 1510 422 1562; x_wconf 82' lang='lat' dir='ltr'><strong>militiae;</strong></span> <span class='ocrx_word' id='word_1_176' title='bbox 451 1508 652 1562; x_wconf 81' lang='lat' dir='ltr'><strong>requiem</strong></span> <span class='ocrx_word' id='word_1_177' title='bbox 667 1521 758 1548; x_wconf 88' lang='lat' dir='ltr'><strong>non</strong></span> <span class='ocrx_word' id='word_1_178' title='bbox 774 1508 953 1560; x_wconf 87' lang='lat' dir='ltr'><strong>inopem</strong></span> <span class='ocrx_word' id='word_1_179' title='bbox 967 1508 995 1547; x_wconf 87' lang='lat' dir='ltr'><strong>i.</strong></span> <span class='ocrx_word' id='word_1_180' title='bbox 1012 1521 1051 1547; x_wconf 76' lang='lat' dir='ltr'><strong>e,</strong></span> <span class='ocrx_word' id='word_1_181' title='bbox 1069 1515 1123 1547; x_wconf 87' lang='lat' dir='ltr'><strong>ut</strong></span> <span class='ocrx_word' id='word_1_182' title='bbox 1137 1515 1288 1548; x_wconf 86' lang='lat' dir='ltr'><strong>terrae</strong></span> <span class='ocrx_word' id='word_1_183' title='bbox 1313 1514 1360 1548; x_wconf 85' lang='lat' dir='ltr'><strong>et</strong></span> <span class='ocrx_word' id='word_1_184' title='bbox 1376 1509 1541 1576; x_wconf 59' lang='lat' dir='ltr'><strong>nrbes,</strong></span> <span class='ocrx_word' id='word_1_185' title='bbox 1574 1509 1733 1563; x_wconf 82' lang='lat' dir='ltr'><strong>quibus</strong></span> <span class='ocrx_word' id='word_1_186' title='bbox 1763 1509 1919 1551; x_wconf 83' lang='lat' dir='ltr'><strong>sedem</strong></span> 
     </span>
     <span class='ocr_line' id='line_1_24' title="bbox 212 1566 1914 1628; baseline -0.002 -14"><span class='ocrx_word' id='word_1_187' title='bbox 212 1566 500 1628; x_wconf 83' lang='lat' dir='ltr'><strong>fortunarum</strong></span> <span class='ocrx_word' id='word_1_188' title='bbox 519 1567 677 1625; x_wconf 84' lang='lat' dir='ltr'><strong>figant,</strong></span> <span class='ocrx_word' id='word_1_189' title='bbox 708 1566 815 1624; x_wconf 85' lang='lat' dir='ltr'><strong>ipsis</strong></span> <span class='ocrx_word' id='word_1_190' title='bbox 833 1566 1136 1625; x_wconf 81' lang='lat' dir='ltr'><strong>assignentur3</strong></span> <span class='ocrx_word' id='word_1_191' title='bbox 1167 1566 1306 1624; x_wconf 87' lang='lat' dir='ltr'><strong>igitur</strong></span> <span class='ocrx_word' id='word_1_192' title='bbox 1322 1567 1477 1611; x_wconf 88' lang='lat' dir='ltr'><strong>missio</strong></span> <span class='ocrx_word' id='word_1_193' title='bbox 1502 1568 1659 1625; x_wconf 83' lang='lat' dir='ltr'><strong>datur3</strong></span> <span class='ocrx_word' id='word_1_194' title='bbox 1694 1575 1914 1612; x_wconf 83' lang='lat' dir='ltr'><strong>exaucto-</strong></span> 
     </span>
     <span class='ocr_line' id='line_1_25' title="bbox 212 1624 1913 1684; baseline -0.002 -9"><span class='ocrx_word' id='word_1_195' title='bbox 212 1624 334 1675; x_wconf 86' lang='lat' dir='ltr'><strong>ratio</strong></span> <span class='ocrx_word' id='word_1_196' title='bbox 350 1630 628 1684; x_wconf 83' lang='lat' dir='ltr'><strong>conceditur,</strong></span> <span class='ocrx_word' id='word_1_197' title='bbox 660 1630 725 1671; x_wconf 82' lang='lat' dir='ltr'><strong>ita</strong></span> <span class='ocrx_word' id='word_1_198' title='bbox 742 1637 916 1683; x_wconf 81' lang='lat' dir='ltr'><strong>tamen,</strong></span> <span class='ocrx_word' id='word_1_199' title='bbox 952 1635 1004 1671; x_wconf 81' lang='lat' dir='ltr'><strong>ut</strong></span> <span class='ocrx_word' id='word_1_200' title='bbox 1026 1628 1107 1670; x_wconf 88' lang='lat' dir='ltr'><strong>sub</strong></span> <span class='ocrx_word' id='word_1_201' title='bbox 1124 1629 1294 1671; x_wconf 81' lang='lat' dir='ltr'><strong>vexillis</strong></span> <span class='ocrx_word' id='word_1_202' title='bbox 1319 1630 1463 1671; x_wconf 79' lang='lat' dir='ltr'><strong>adhuc</strong></span> <span class='ocrx_word' id='word_1_203' title='bbox 1489 1636 1728 1684; x_wconf 84' lang='lat' dir='ltr'><strong>maneant,</strong></span> <span class='ocrx_word' id='word_1_204' title='bbox 1771 1631 1913 1672; x_wconf 83' lang='lat' dir='ltr'><strong>donec</strong></span> 
     </span>
     <span class='ocr_line' id='line_1_26' title="bbox 211 1689 1912 1751; baseline -0.002 -13"><span class='ocrx_word' id='word_1_205' title='bbox 211 1692 424 1751; x_wconf 82' lang='lat' dir='ltr'><strong>vigesimo</strong></span> <span class='ocrx_word' id='word_1_206' title='bbox 445 1704 562 1734; x_wconf 82' lang='lat' dir='ltr'><strong>anno</strong></span> <span class='ocrx_word' id='word_1_207' title='bbox 578 1690 794 1747; x_wconf 85' lang='lat' dir='ltr'><strong>praemiis</strong></span> <span class='ocrx_word' id='word_1_208' title='bbox 824 1689 1016 1746; x_wconf 85' lang='lat' dir='ltr'><strong>acceptis</strong></span> <span class='ocrx_word' id='word_1_209' title='bbox 1033 1689 1333 1746; x_wconf 83' lang='lat' dir='ltr'><strong>dimittantur3</strong></span> <span class='ocrx_word' id='word_1_210' title='bbox 1377 1690 1509 1749; x_wconf 89' lang='lat' dir='ltr'><strong>idque</strong></span> <span class='ocrx_word' id='word_1_211' title='bbox 1526 1691 1581 1734; x_wconf 85' lang='lat' dir='ltr'><strong>de</strong></span> <span class='ocrx_word' id='word_1_212' title='bbox 1599 1697 1731 1747; x_wconf 71' lang='lat' dir='ltr'><strong>parte</strong></span> <span class='ocrx_word' id='word_1_213' title='bbox 1752 1705 1912 1750; x_wconf 85' lang='lat' dir='ltr'><strong>eorum</strong></span> 
     </span>
     <span class='ocr_line' id='line_1_27' title="bbox 211 1752 1912 1822; baseline -0.002 -24"><span class='ocrx_word' id='word_1_214' title='bbox 211 1755 311 1798; x_wconf 87' lang='lat' dir='ltr'><strong>fieri</strong></span> <span class='ocrx_word' id='word_1_215' title='bbox 335 1769 433 1810; x_wconf 92' lang='lat' dir='ltr'><strong>sqq.</strong></span> <span class='ocrx_word' id='word_1_216' title='bbox 448 1753 700 1795; x_wconf 85' lang='lat' dir='ltr'><strong>ostendunt.</strong></span> <span class='ocrx_word' id='word_1_217' title='bbox 722 1776 785 1784; x_wconf 91' lang='lat'><strong>—</strong></span> <span class='ocrx_word' id='word_1_218' title='bbox 804 1753 903 1795; x_wconf 89' lang='lat' dir='ltr'><strong>Hos</strong></span> <span class='ocrx_word' id='word_1_219' title='bbox 922 1752 1061 1808; x_wconf 88' lang='lat' dir='ltr'><strong>igitur</strong></span> <span class='ocrx_word' id='word_1_220' title='bbox 1073 1753 1166 1822; x_wconf 74' lang='lat' dir='ltr'><strong>jam</strong></span> <span class='ocrx_word' id='word_1_221' title='bbox 1180 1753 1284 1794; x_wconf 91' lang='lat' dir='ltr'><strong>inde</strong></span> <span class='ocrx_word' id='word_1_222' title='bbox 1304 1753 1359 1794; x_wconf 89' lang='lat' dir='ltr'><strong>ab</strong></span> <span class='ocrx_word' id='word_1_223' title='bbox 1381 1753 1565 1808; x_wconf 83' lang='lat' dir='ltr'><strong>septimo</strong></span> <span class='ocrx_word' id='word_1_224' title='bbox 1592 1754 1763 1794; x_wconf 82' lang='lat' dir='ltr'><strong>decimo</strong></span> <span class='ocrx_word' id='word_1_225' title='bbox 1791 1767 1912 1795; x_wconf 82' lang='lat' dir='ltr'><strong>anno</strong></span> 
     </span>
     <span class='ocr_line' id='line_1_28' title="bbox 211 1813 1912 1897; baseline -0.002 -37"><span class='ocrx_word' id='word_1_226' title='bbox 211 1815 465 1862; x_wconf 79' lang='lat' dir='ltr'><strong>vexillarios</strong></span> <span class='ocrx_word' id='word_1_227' title='bbox 481 1813 623 1858; x_wconf 84' lang='lat' dir='ltr'><strong>fuisse</strong></span> <span class='ocrx_word' id='word_1_228' title='bbox 643 1813 937 1867; x_wconf 83' lang='lat' dir='ltr'><strong>manifestum</strong></span> <span class='ocrx_word' id='word_1_229' title='bbox 960 1821 1054 1869; x_wconf 85' lang='lat' dir='ltr'><strong>est,</strong></span> <span class='ocrx_word' id='word_1_230' title='bbox 1085 1813 1152 1856; x_wconf 85' lang='lat' dir='ltr'><strong>uti</strong></span> <span class='ocrx_word' id='word_1_231' title='bbox 1175 1814 1224 1861; x_wconf 86' lang='lat' dir='ltr'><strong>in</strong></span> <span class='ocrx_word' id='word_1_232' title='bbox 1249 1815 1487 1897; x_wconf 77' lang='lat' dir='ltr'><strong>Pannonia</strong></span> <span class='ocrx_word' id='word_1_233' title='bbox 1514 1814 1618 1858; x_wconf 90' lang='lat' dir='ltr'><strong>inde</strong></span> <span class='ocrx_word' id='word_1_234' title='bbox 1644 1827 1673 1857; x_wconf 85' lang='lat' dir='ltr'>a</span> <span class='ocrx_word' id='word_1_235' title='bbox 1696 1813 1912 1872; x_wconf 75' lang='lat' dir='ltr'><strong>vigesimo</strong></span> 
     </span>
     <span class='ocr_line' id='line_1_29' title="bbox 210 1886 352 1921; baseline -0.008 0"><span class='ocrx_word' id='word_1_236' title='bbox 210 1886 352 1921; x_wconf 87' lang='lat' dir='ltr'><strong>erant.</strong></span> 
     </span>
    </p>

    <p class='ocr_par' dir='ltr' id='par_1_7' title="bbox 209 1936 1912 2055">
     <span class='ocr_line' id='line_1_30' title="bbox 333 1936 1910 1995; baseline -0.003 -13"><span class='ocrx_word' id='word_1_237' title='bbox 333 1940 406 1982; x_wconf 83' lang='lat' dir='ltr'><strong>Ex</strong></span> <span class='ocrx_word' id='word_1_238' title='bbox 424 1938 497 1980; x_wconf 84' lang='lat' dir='ltr'><strong>his</strong></span> <span class='ocrx_word' id='word_1_239' title='bbox 524 1937 634 1981; x_wconf 90' lang='lat' dir='ltr'><strong>locis</strong></span> <span class='ocrx_word' id='word_1_240' title='bbox 650 1938 851 1994; x_wconf 82' lang='lat' dir='ltr'><strong>Lipsius,</strong></span> <span class='ocrx_word' id='word_1_241' title='bbox 893 1951 1029 1994; x_wconf 89' lang='lat' dir='ltr'><strong>quum</strong></span> <span class='ocrx_word' id='word_1_242' title='bbox 1053 1936 1197 1980; x_wconf 79' lang='lat' dir='ltr'><strong>libera</strong></span> <span class='ocrx_word' id='word_1_243' title='bbox 1222 1951 1316 1992; x_wconf 84' lang='lat' dir='ltr'><strong>rep.</strong></span> <span class='ocrx_word' id='word_1_244' title='bbox 1336 1951 1425 1979; x_wconf 87' lang='lat' dir='ltr'><strong>una</strong></span> <span class='ocrx_word' id='word_1_245' title='bbox 1452 1943 1628 1979; x_wconf 83' lang='lat' dir='ltr'><strong>tantum</strong></span> <span class='ocrx_word' id='word_1_246' title='bbox 1656 1952 1796 1995; x_wconf 83' lang='lat' dir='ltr'><strong>eaque</strong></span> <span class='ocrx_word' id='word_1_247' title='bbox 1819 1936 1910 1979; x_wconf 88' lang='lat' dir='ltr'><strong>ho-</strong></span> 
     </span>
     <span class='ocr_line' id='line_1_31' title="bbox 209 1997 1912 2055; baseline -0.001 -10"><span class='ocrx_word' id='word_1_248' title='bbox 209 2008 338 2045; x_wconf 82' lang='lat' dir='ltr'><strong>nesta</strong></span> <span class='ocrx_word' id='word_1_249' title='bbox 358 2000 511 2044; x_wconf 90' lang='lat' dir='ltr'><strong>missio</strong></span> <span class='ocrx_word' id='word_1_250' title='bbox 531 1999 714 2054; x_wconf 87' lang='lat' dir='ltr'><strong>fuisset,</strong></span> <span class='ocrx_word' id='word_1_251' title='bbox 744 1999 824 2042; x_wconf 89' lang='lat' dir='ltr'><strong>sub</strong></span> <span class='ocrx_word' id='word_1_252' title='bbox 845 1997 1188 2054; x_wconf 80' lang='lat' dir='ltr'><strong>imperatoribus</strong></span> <span class='ocrx_word' id='word_1_253' title='bbox 1207 1999 1402 2054; x_wconf 83' lang='lat' dir='ltr'><strong>dupplex</strong></span> <span class='ocrx_word' id='word_1_254' title='bbox 1417 1999 1642 2041; x_wconf 87' lang='lat' dir='ltr'><strong>missionis</strong></span> <span class='ocrx_word' id='word_1_255' title='bbox 1664 2013 1805 2055; x_wconf 86' lang='lat' dir='ltr'><strong>genus</strong></span> <span class='ocrx_word' id='word_1_256' title='bbox 1830 2012 1912 2043; x_wconf 86' lang='lat' dir='ltr'><strong>re·-</strong></span> 
     </span>
    </p>
   </div>
   <div class='ocr_carea' id='block_1_5' title="bbox 211 2059 1967 2180">
    <p class='ocr_par' dir='ltr' id='par_1_8' title="bbox 211 2059 1967 2180">
     <span class='ocr_line' id='line_1_32' title="bbox 211 2059 1928 2119; baseline -0.002 -14"><span class='ocrx_word' id='word_1_257' title='bbox 211 2070 387 2119; x_wconf 85' lang='lat' dir='ltr'><strong>ceptum</strong></span> <span class='ocrx_word' id='word_1_258' title='bbox 406 2075 501 2105; x_wconf 82' lang='lat' dir='ltr'><strong>esse</strong></span> <span class='ocrx_word' id='word_1_259' title='bbox 518 2061 697 2118; x_wconf 84' lang='lat' dir='ltr'><strong>colligit.</strong></span> <span class='ocrx_word' id='word_1_260' title='bbox 763 2059 1201 2115; x_wconf 80' lang='lat' dir='ltr'><strong>‚,Exauctorationis,</strong></span> <span class='ocrx_word' id='word_1_261' title='bbox 1229 2059 1388 2116; x_wconf 88' lang='lat' dir='ltr'><strong>inquit,</strong></span> <span class='ocrx_word' id='word_1_262' title='bbox 1417 2074 1473 2103; x_wconf 86' lang='lat' dir='ltr'><strong>ea</strong></span> <span class='ocrx_word' id='word_1_263' title='bbox 1490 2060 1571 2115; x_wconf 83' lang='lat' dir='ltr'><strong>viS,</strong></span> <span class='ocrx_word' id='word_1_264' title='bbox 1598 2067 1651 2103; x_wconf 87' lang='lat' dir='ltr'><strong>ut</strong></span> <span class='ocrx_word' id='word_1_265' title='bbox 1673 2075 1711 2104; x_wconf 91' lang='lat' dir='ltr'><strong>e.</strong></span> <span class='ocrx_word' id='word_1_266' title='bbox 1728 2075 1770 2118; x_wconf 86' lang='lat' dir='ltr'><strong>g.</strong></span> <span class='ocrx_word' id='word_1_267' title='bbox 1789 2060 1928 2117; x_wconf 32' lang='lat' dir='ltr'><strong>legio*</strong></span> 
     </span>
     <span class='ocr_line' id='line_1_33' title="bbox 213 2121 1967 2180; baseline -0.001 -15"><span class='ocrx_word' id='word_1_268' title='bbox 213 2124 401 2180; x_wconf 85' lang='lat' dir='ltr'><strong>„aliqua</strong></span> <span class='ocrx_word' id='word_1_269' title='bbox 422 2129 698 2166; x_wconf 79' lang='lat' dir='ltr'><strong>sacramento</strong></span> <span class='ocrx_word' id='word_1_270' title='bbox 718 2122 983 2175; x_wconf 86' lang='lat' dir='ltr'><strong>solveretur,</strong></span> <span class='ocrx_word' id='word_1_271' title='bbox 1018 2121 1153 2177; x_wconf 86' lang='lat' dir='ltr'><strong>signis</strong></span> <span class='ocrx_word' id='word_1_272' title='bbox 1179 2121 1416 2178; x_wconf 79' lang='lat' dir='ltr'><strong>aquilaque</strong></span> <span class='ocrx_word' id='word_1_273' title='bbox 1446 2122 1689 2177; x_wconf 86' lang='lat' dir='ltr'><strong>ademptis,</strong></span> <span class='ocrx_word' id='word_1_274' title='bbox 1719 2135 1813 2165; x_wconf 88' lang='lat' dir='ltr'><strong>non</strong></span> <span class='ocrx_word' id='word_1_275' title='bbox 1832 2125 1911 2165; x_wconf 47' lang='lat' dir='ltr'><strong>tass</strong></span> <span class='ocrx_word' id='word_1_276' title='bbox 1957 2170 1967 2179; x_wconf 26' lang='grc' dir='ltr'><em>ψ</em></span> 
     </span>
    </p>
   </div>
   <div class='ocr_carea' id='block_1_6' title="bbox 209 2181 1919 2612">
    <p class='ocr_par' dir='ltr' id='par_1_9' title="bbox 211 2181 1910 2240">
     <span class='ocr_line' id='line_1_34' title="bbox 211 2181 1910 2240; baseline -0.002 -13"><span class='ocrx_word' id='word_1_277' title='bbox 211 2217 242 2240; x_wconf 86' lang='grc'><strong>,,</strong></span> <span class='ocrx_word' id='word_1_278' title='bbox 249 2198 351 2227; x_wconf 84' lang='lat' dir='ltr'><strong>men</strong></span> <span class='ocrx_word' id='word_1_279' title='bbox 367 2185 666 2227; x_wconf 86' lang='lat' dir='ltr'><strong>dimitteretur</strong></span> <span class='ocrx_word' id='word_1_280' title='bbox 681 2183 924 2238; x_wconf 73' lang='lat' dir='ltr'><strong>protinus,</strong></span> <span class='ocrx_word' id='word_1_281' title='bbox 940 2181 1017 2225; x_wconf 87' lang='lat' dir='ltr'><strong>sed</strong></span> <span class='ocrx_word' id='word_1_282' title='bbox 1038 2182 1224 2226; x_wconf 84' lang='lat' dir='ltr'><strong>seorsim</strong></span> <span class='ocrx_word' id='word_1_283' title='bbox 1239 2182 1289 2225; x_wconf 89' lang='lat' dir='ltr'><strong>in</strong></span> <span class='ocrx_word' id='word_1_284' title='bbox 1307 2183 1509 2227; x_wconf 82' lang='lat' dir='ltr'><strong>exercitu</strong></span> <span class='ocrx_word' id='word_1_285' title='bbox 1526 2190 1681 2240; x_wconf 82' lang='lat' dir='ltr'><strong>ageret</strong></span> <span class='ocrx_word' id='word_1_286' title='bbox 1708 2182 1788 2226; x_wconf 89' lang='lat' dir='ltr'><strong>sub</strong></span> <span class='ocrx_word' id='word_1_287' title='bbox 1817 2197 1910 2226; x_wconf 89' lang='lat' dir='ltr'><strong>uno</strong></span> 
     </span>
    </p>

    <p class='ocr_par' dir='ltr' id='par_1_10' title="bbox 209 2243 1914 2612">
     <span class='ocr_line' id='line_1_35' title="bbox 211 2243 1911 2302; baseline 0.001 -16.052"><span class='ocrx_word' id='word_1_288' title='bbox 211 2246 400 2302; x_wconf 81' lang='lat' dir='ltr'><strong>„aliquo</strong></span> <span class='ocrx_word' id='word_1_289' title='bbox 423 2245 595 2289; x_wconf 83' lang='lat' dir='ltr'><strong>vexillo.</strong></span> <span class='ocrx_word' id='word_1_290' title='bbox 658 2244 719 2287; x_wconf 88' lang='lat' dir='ltr'><strong>At</strong></span> <span class='ocrx_word' id='word_1_291' title='bbox 745 2245 910 2300; x_wconf 81' lang='lat' dir='ltr'><strong>plenae</strong></span> <span class='ocrx_word' id='word_1_292' title='bbox 929 2244 1151 2287; x_wconf 84' lang='lat' dir='ltr'><strong>missionis</strong></span> <span class='ocrx_word' id='word_1_293' title='bbox 1182 2243 1387 2299; x_wconf 83' lang='lat' dir='ltr'><strong>effectus,</strong></span> <span class='ocrx_word' id='word_1_294' title='bbox 1435 2252 1489 2287; x_wconf 84' lang='lat' dir='ltr'><strong>ut</strong></span> <span class='ocrx_word' id='word_1_295' title='bbox 1518 2244 1670 2288; x_wconf 82' lang='lat' dir='ltr'><strong>statim</strong></span> <span class='ocrx_word' id='word_1_296' title='bbox 1695 2245 1911 2301; x_wconf 84' lang='lat' dir='ltr'><strong>praemiis</strong></span> 
     </span>
     <span class='ocr_line' id='line_1_36' title="bbox 213 2304 1914 2363; baseline -0.001 -13"><span class='ocrx_word' id='word_1_297' title='bbox 213 2306 441 2362; x_wconf 83' lang='lat' dir='ltr'><strong>acceptis„</strong></span> <span class='ocrx_word' id='word_1_298' title='bbox 463 2307 644 2348; x_wconf 88' lang='lat' dir='ltr'><strong>domum</strong></span> <span class='ocrx_word' id='word_1_299' title='bbox 667 2305 1009 2350; x_wconf 74' lang='lat' dir='ltr'><strong>dimitterentur.</strong></span> <span class='ocrx_word' id='word_1_300' title='bbox 1018 2306 1047 2329; x_wconf 77' lang='lat'><strong>‘⁴</strong></span> <span class='ocrx_word' id='word_1_301' title='bbox 1118 2307 1238 2349; x_wconf 89' lang='lat' dir='ltr'><strong>Eum</strong></span> <span class='ocrx_word' id='word_1_302' title='bbox 1266 2318 1439 2349; x_wconf 88' lang='lat' dir='ltr'><strong>morem</strong></span> <span class='ocrx_word' id='word_1_303' title='bbox 1464 2304 1805 2363; x_wconf 75' lang='lat' dir='ltr'><strong>(exauctorandi</strong></span> <span class='ocrx_word' id='word_1_304' title='bbox 1836 2313 1914 2349; x_wconf 85' lang='lat' dir='ltr'><strong>at-</strong></span> 
     </span>
     <span class='ocr_line' id='line_1_37' title="bbox 212 2365 1919 2439; baseline 0.001 -29"><span class='ocrx_word' id='word_1_305' title='bbox 212 2382 297 2439; x_wconf 81' lang='lat' dir='ltr'><strong>que</strong></span> <span class='ocrx_word' id='word_1_306' title='bbox 324 2373 635 2411; x_wconf 78' lang='lat' dir='ltr'><strong>exauctoratos</strong></span> <span class='ocrx_word' id='word_1_307' title='bbox 664 2367 870 2424; x_wconf 77' lang='lat' dir='ltr'><strong>adeoque</strong></span> <span class='ocrx_word' id='word_1_308' title='bbox 881 2367 1089 2410; x_wconf 82' lang='lat' dir='ltr'><strong>dimissos</strong></span> <span class='ocrx_word' id='word_1_309' title='bbox 1112 2366 1199 2414; x_wconf 76' lang='lat' dir='ltr'><strong>sub</strong></span> <span class='ocrx_word' id='word_1_310' title='bbox 1224 2367 1397 2411; x_wconf 83' lang='lat' dir='ltr'><strong>vexillis</strong></span> <span class='ocrx_word' id='word_1_311' title='bbox 1423 2365 1640 2426; x_wconf 79' lang='lat' dir='ltr'><strong>habendi)</strong></span> <span class='ocrx_word' id='word_1_312' title='bbox 1668 2367 1789 2411; x_wconf 89' lang='lat' dir='ltr'><strong>bono</strong></span> <span class='ocrx_word' id='word_1_313' title='bbox 1815 2367 1919 2411; x_wconf 80' lang='lat' dir='ltr'><strong>fisci</strong></span> 
     </span>
     <span class='ocr_line' id='line_1_38' title="bbox 210 2428 1912 2503; baseline 0.002 -32"><span class='ocrx_word' id='word_1_314' title='bbox 210 2428 438 2475; x_wconf 81' lang='lat' dir='ltr'><strong>inventum</strong></span> <span class='ocrx_word' id='word_1_315' title='bbox 461 2445 584 2485; x_wconf 86' lang='lat' dir='ltr'><strong>esse,</strong></span> <span class='ocrx_word' id='word_1_316' title='bbox 642 2428 772 2473; x_wconf 74' lang='lat' dir='ltr'><strong>idem</strong></span> <span class='ocrx_word' id='word_1_317' title='bbox 790 2437 946 2473; x_wconf 79' lang='lat' dir='ltr'><strong>auctor</strong></span> <span class='ocrx_word' id='word_1_318' title='bbox 973 2437 1043 2474; x_wconf 85' lang='lat' dir='ltr'><strong>est</strong></span> <span class='ocrx_word' id='word_1_319' title='bbox 1070 2430 1361 2503; x_wconf 26' lang='lat' dir='ltr'><strong>appolsiteque</strong></span> <span class='ocrx_word' id='word_1_320' title='bbox 1388 2428 1544 2472; x_wconf 82' lang='lat' dir='ltr'><strong>laudat</strong></span> <span class='ocrx_word' id='word_1_321' title='bbox 1568 2431 1681 2473; x_wconf 80' lang='lat' dir='ltr'><strong>duos</strong></span> <span class='ocrx_word' id='word_1_322' title='bbox 1708 2430 1912 2474; x_wconf 83' lang='lat' dir='ltr'><strong>Suetonii</strong></span> 
     </span>
     <span class='ocr_line' id='line_1_39' title="bbox 209 2490 1912 2551; baseline 0.002 -19"><span class='ocrx_word' id='word_1_323' title='bbox 209 2490 353 2545; x_wconf 86' lang='lat' dir='ltr'><strong>locos,</strong></span> <span class='ocrx_word' id='word_1_324' title='bbox 385 2493 577 2535; x_wconf 60' lang='lat' dir='ltr'><strong>alterum</strong></span> <span class='ocrx_word' id='word_1_325' title='bbox 596 2491 697 2535; x_wconf 87' lang='lat' dir='ltr'><strong>T-ib.</strong></span> <span class='ocrx_word' id='word_1_326' title='bbox 720 2493 793 2535; x_wconf 75' lang='lat'><strong>48.</strong></span> <span class='ocrx_word' id='word_1_327' title='bbox 819 2499 935 2551; x_wconf 79' lang='lat' dir='ltr'><strong>atque</strong></span> <span class='ocrx_word' id='word_1_328' title='bbox 952 2495 1066 2535; x_wconf 77' lang='lat' dir='ltr'><strong>etiam</strong></span> <span class='ocrx_word' id='word_1_329' title='bbox 1086 2495 1281 2536; x_wconf 65' lang='lat' dir='ltr'><strong>missiones</strong></span> <span class='ocrx_word' id='word_1_330' title='bbox 1306 2499 1577 2536; x_wconf 78' lang='lat' dir='ltr'><strong>veteranorum</strong></span> <span class='ocrx_word' id='word_1_331' title='bbox 1601 2495 1833 2538; x_wconf 72' lang='lat' dir='ltr'><strong>&#39;rarissimas</strong></span> <span class='ocrx_word' id='word_1_332' title='bbox 1845 2492 1912 2550; x_wconf 84' lang='lat' dir='ltr'><strong>fe·</strong></span> 
     </span>
     <span class='ocr_line' id='line_1_40' title="bbox 211 2547 1906 2612; baseline 0 -15"><span class='ocrx_word' id='word_1_333' title='bbox 211 2554 285 2605; x_wconf 77' lang='lat' dir='ltr'><strong>cit,</strong></span> <span class='ocrx_word' id='word_1_334' title='bbox 320 2567 369 2597; x_wconf 77' lang='lat' dir='ltr'><strong>cx</strong></span> <span class='ocrx_word' id='word_1_335' title='bbox 384 2557 489 2598; x_wconf 79' lang='lat' dir='ltr'><strong>senio</strong></span> <span class='ocrx_word' id='word_1_336' title='bbox 504 2562 687 2608; x_wconf 81' lang='lat' dir='ltr'><strong>mortem,</strong></span> <span class='ocrx_word' id='word_1_337' title='bbox 718 2568 767 2598; x_wconf 77' lang='lat' dir='ltr'><strong>ex</strong></span> <span class='ocrx_word' id='word_1_338' title='bbox 790 2562 914 2598; x_wconf 80' lang='lat' dir='ltr'><strong>morte</strong></span> <span class='ocrx_word' id='word_1_339' title='bbox 936 2549 1211 2612; x_wconf 68' lang='lat' dir='ltr'><strong>compendium</strong></span> <span class='ocrx_word' id='word_1_340' title='bbox 1216 2562 1403 2611; x_wconf 57' lang='lat' dir='ltr'><strong>captarum</strong></span> <span class='ocrx_word' id='word_1_341' title='bbox 1447 2554 1653 2598; x_wconf 78' lang='lat' dir='ltr'><strong>alterum</strong></span> <span class='ocrx_word' id='word_1_342' title='bbox 1664 2547 1805 2612; x_wconf 77' lang='lat' dir='ltr'><strong>Calig</strong></span> <span class='ocrx_word' id='word_1_343' title='bbox 1832 2556 1906 2597; x_wconf 86' lang='lat'><strong>44.</strong></span> 
     </span>
    </p>
   </div>
   <div class='ocr_carea' id='block_1_7' title="bbox 1997 0 2171 147">
    <p class='ocr_par' dir='ltr' id='par_1_11' title="bbox 1997 0 2171 147">
     <span class='ocr_line' id='line_1_41' title="bbox 1997 0 2171 147; baseline 0 -15"><span class='ocrx_word' id='word_1_344' title='bbox 1997 0 2171 147; x_wconf 63' lang='grc' dir='ltr'><strong>Ἴ,</strong></span> 
     </span>
    </p>
   </div>
  </div>
 </body>
</html>
