2171 2912
1079 197 1138 225 312

257 298 506 355 objicient,
514 298 645 354 quein
660 295 735 339 ille
756 296 969 341 excitavit
986 298 1133 351 Iocum
1139 298 1257 340 Tae.
1278 298 1336 338 H.
1360 297 1416 350 ΙΙ,
1445 295 1546 337 66.
1568 294 1756 356 Angebat
1763 292 1971 338 'Vitellium

257 365 448 406 victarum
468 359 660 419 legionum
682 358 792 402 baud
807 373 999 431 quaquam
1012 359 1179 416 fractus
1202 361 1364 401 111ιί111111.
1427 358 1598 413 Sparsae
1616 371 1694 412 per
1721 356 1881 400 Italiam
1908 356 1973 398 ho·

259 423 364 467 scilia
383 423 663 479 loquebantur:
695 425 907 476 praecipua
924 421 1346 478 quartadecimanorum
1350 419 1528 475 ferocia
1559 421 1624 476 qui
1647 431 1689 459 se
1702 420 1842 461 victos·
1853 418 1974 460 abnu-

261 486 396 530 ebant;
431 485 571 541 quippe
597 482 848 527 Bedriacensi
875 485 969 531 acie,
1001 481 1211 524 vexillariis
1238 489 1390 524 tantum
1410 480 1565 537 pulsis,
1605 483 1709 524 vires
1722 479 1882 538 legionis
1897 491 1976 521 non

261 546 461 603 adfuisse,·
493 546 662 588 addent
679 544 899 597 fortasse,
931 559 1061 598 quem
1092 544 1167 585 ille
1188 544 1347 584 oblitus
1363 550 1430 584 est
1450 543 1612 584 afferre
1629 542 1687 584 ib.
1711 542 1779 583 18ss
1813 537 1975 582 Certum

259 615 346 650 erat
364 608 587 662 Spurinnae
600 606 633 661 (
621 606 773 648 necdum
790 608 930 646 venisse
951 602 1167 659 Caecinam)
1191 619 1254 647 nec
1271 607 1349 647 tris
1373 603 1543 646 cohortes
1560 604 1791 659 praetorias
1817 607 1854 645 et
1877 597 1976 644 melle
2009 642 2024 649 ,,

261 667 486 713 vexillarios
509 682 591 712 cum
612 668 751 723 paucis
778 668 965 724 equitibus
991 674 1171 709 veterano
1200 669 1384 710 exercitui
1413 667 1651 723 (Caecinae
1676 679 1703 707 e
1728 662 1976 737 Germania

259 728 554 785 advenientis)
579 730 749 787 olgjicere.

388 816 456 864 Ad
474 819 670 875 priorem
690 818 837 860 locum
856 819 973 876 quod
994 819 1178 876 attinet,
1207 834 1341 877 supra
1363 819 1526 862 Schelii
1544 834 1608 863 vv.
1629 817 1798 873 attuli,
1816 814 1976 874 quibus

268 892 323 926 ea
346 890 437 923 non
471 889 655 937 prorsus
674 881 983 935 satisfaciunt,
1034 898 1208 924 mecum
1243 882 1482 936 inspiciant
1508 881 1656 933 locum
1687 879 1856 935 ipsum,
1900 876 1978 919 ubi

268 958 416 1000 pugna
428 942 744 988 Bedriacensis
774 943 1062 997 describitur,
1089 959 1128 986 c
1156 945 1208 985 41
1229 944 1373 984 -45.
1438 942 1580 984 Facie
1603 955 1785 997 pugnae
1816 931 1978 980 1111111114

265 1005 399 1046 brata
416 1003 496 1045 sub
508 1004 645 1045 finem
664 1004 975 1057 descriptionis
995 1005 1106 1046 haec
1128 1004 1416 1058 adjicitmtur:
1434 1018 1517 1058 par
1519 1010 1556 1045 te
1570 1002 1647 1044 alia
1657 1000 1852 1058 propulsa
1868 1002 1978 1057 quin·

269 1073 454 1109 canoram
474 1067 614 1119 impetu
643 1065 899 1108 tertiadecima
920 1065 1041 1124 legio:
1079 1068 1317 1108 ciacmnventi
1329 1065 1555 1121 plurium
1584 1076 1796 1106 accursu
1814 1068 1979 1131 quarta-

268 1126 460 1169 decimani.
524 1126 653 1168 Haec
670 1140 758 1180 vv„
792 1127 830 1168 si
858 1127 963 1182 quid
990 1128 1137 1180 video,
1167 1128 1251 1168 hoc
1271 1128 1452 1179 docent,
1486 1126 1585 1166 illos
1604 1122 1892 1167 multitudine
1906 1121 1978 1166 vi-

269 1195 364 1229 ctos
388 1201 497 1228 esse.
559 1188 678 1230 Nam
699 1187 1007 1230 tertiadecima
1030 1188 1169 1244 legio,
1210 1203 1324 1244 quae
1345 1195 1391 1229 et
1415 1188 1517 1244 ipsa
1538 1187 1597 1229 ab'
1612 1185 1808 1230 Othonis
1828 1178 1979 1242 parti-

267 1247 352 1289 bus
372 1248 572 1303 dimicat,
615 1251 757 1306 impetu
774 1250 1100 1304 prosternitur,
1140 1250 1253 1293 haec
1278 1257 1447 1303 autem,
1490 1249 1645 1306 (quae,
1687 1254 1918 1306 quantuni
1923 1258 1981 1289 ex

268 1310 417 1354 verbis
439 1310 588 1352 Taciti
610 1311 817 1365 colligere
846 1312 973 1365 licet,
1014 1318 1111 1353 tota
1140 1319 1208 1353 est
1218 1310 1249 1367 ,)
1291 1310 1543 1354 ntultitu'dine.
1604 1311 1727 1366 Ergo
1753 1324 1817 1358 vv.
1844 1315 1983 1372 supra

273 1378 623 1413 commemorata
651 1371 1032 1427 quartadecimani
1057 1374 1128 1417 vel
1153 1374 1365 1428 dedecus,
1402 1373 1482 1414 illa
1513 1386 1664 1428 pugna
1686 1361 1980 1431 contractum³²

274 1448 301 1474 a
322 1448 369 1474 se
390 1432 607 1473 remoturi
628 1433 819 1487 jaetant3
851 1434 941 1487 vel,
975 1449 1230 1490 quanquam
1252 1449 1343 1475 non
1367 1448 1490 1485 vere,
1525 1441 1678 1474 tamen
1696 1447 1752 1473 ex
1778 1432 1981 1490 ipsorum

271 1496 506 1546 sententia,
523 1500 667 1534 totam
684 1493 905 1548 legionem
922 1494 1124 1536 adfuisse
1135 1501 1313 1551 negant.
1360 1494 1495 1550 Quod
1512 1493 1632 1535 enim
1647 1492 1852 1535 Piehena
1869 1483 1981 1545 vfflt',

269 1554 549 1608 vexillarios,
590 1568 702 1610 quos
717 1555 1099 1610 quartadecimani
1117 1556 1195 1597 illa
1220 1556 1314 1598 acie
1329 1556 1485 1611 pulsos
1505 1554 1678 1606 dicant,
1713 1553 1860 1614 ‘fuisse
1892 1553 1981 1610 duo

268 1616 347 1657 illa
363 1615 524 1669 millia,
557 1630 672 1671 quae
693 1623 845 1670 supra
848 1631 883 1658 c.
907 1631 923 1657 1
939 1631 975 1658 1.
997 1632 1055 1659 ex
1072 1617 1273 1673 ipsorum
1296 1616 1469 1673 legione
1491 1618 1713 1673 praemissa
1739 1630 1835 1658 esse
1866 1614 1982 1656 seri-

271 1676 465 1730 buntur3
498 1691 551 1717 ea
567 1691 661 1718 non
677 1684 866 1732 possunt
886 1692 982 1719 esse
1006 1678 1103 1720 ideo
1117 1711 1129 1732 ‚
1162 1680 1280 1735 quod
1301 1679 1402 1720 illos
1424 1693 1480 1720 ex
1501 1684 1693 1735 quatuor
1719 1664 1984 1735 legionibus,

272 1739 383 1793 VII,
413 1738 505 1792 XI,
535 1738 669 1792 XIII,
708 1739 843 1792 XIV,
877 1753 969 1780 non
998 1754 1054 1781 ex
1067 1755 1157 1781 una
1172 1741 1296 1784 XIV.
1316 1740 1456 1782 lectos
1475 1754 1592 1792 esse,
1633 1738 1799 1781 diserte
1822 1745 1982 1794 auctor

271 1770 429 1841 nost²er
446 1813 482 1840 c.
509 1814 526 1840 1
541 1810 578 1841 1.
600 1799 674 1841 his
692 1814 756 1842 vv.
780 1799 902 1840 dicit·
944 1800 1072 1842 Laeta
1093 1803 1245 1844 interim
1265 1801 1415 1844 Othoni
1428 1803 1623 1856 principia
1648 1798 1754 1850 belli,
1791 1802 1914 1842 motis
1930 1794 1988 1841 aa

272 1862 471 1915 imperium
489 1860 575 1920 ejus
590 1874 611 1901 e
623 1859 856 1903 Dalmataia
871 1861 1154 1919 Pannoniaque
1167 1863 1405 1905 exercitibus.
1465 1861 1593 1904 Fuere
1607 1851 1778 1919 quatuor
1794 1852 1984 1921 legiones}

274 1936 293 1963 e
310 1923 446 1979 quibus
463 1922 554 1971 bina
570 1921 687 1965 millia
694 1925 941 1979 praemium
967 1925 1074 1980 ipsae
1089 1923 1243 1966 modicis
1259 1922 1472 1968 intervallis
1485 1925 1756 1981 sequebantur
1771 1948 1829 1955 —
1852 1921 1985 1980 Quoss

276 1998 366 2038 quo
380 1983 516 2037 igitur
535 1983 755 2040 intelligas
779 1985 928 2026 modo:
962 2000 1038 2039 ea,
1072 1985 1109 2026 si
1132 1986 1236 2043 quid
1252 1986 1378 2029 video
1390 2017 1402 2039 ,
1440 2000 1553 2043 quae
1572 1984 1807 2027 Ernestius
1825 1997 1881 2028 ex
1896 1983 1983 2026 ho'o

272 2044 374 2086 loco
393 2043 561 2098 elicuit,
584 2044 659 2087 vix
678 2045 789 2086 alius
806 2045 904 2101 quis
924 2047 1161 2103 extundat3
1193 2046 1478 2091 multitudine
1499 2047 1617 2089 enim
1635 2046 1773 2088 nimia
1793 2046 1863 2089 vel
1882 2045 1983 2087 for-'

276 2104 525 2158 tissimum,
557 2119 648 2146 non
674 2112 851 2147 tantum
874 2107 1066 2151 tironem
1091 2109 1207 2152 vinci
1233 2124 1389 2165 posse,
1434 2116 1658 2166 saepeque
1676 2108 1844 2152 vietum
1871 2120 1985 2186 esse3

278 2166 377 2239 quis
400 2173 494 2221 est,
525 2166 613 2240 qui
636 2164 802 2223 neget?

400 2236 573 2300 Eodem
597 2258 735 2302 modo
759 2273 834 2300 res
862 2273 908 2300 se
925 2257 1112 2302 habet
1099 2275 1145 2302 111
1169 2261 1314 2304 altero
1339 2253 1458 2303 loco:
1483 2241 1746 2308 veteranus
1760 2260 1988 2308 exercitu}

278 2318 434 2363 multis
460 2334 485 2361 e
512 2319 787 2375 legionibus,
828 2329 959 2377 quae
968 2321 1133 2363 multos
1161 2322 1265 2378 janr
1287 2336 1427 2364 annos
1442 2322 1488 2364 in
1506 2324 1752 2368 Germania
1769 2314 1988 2379 stipendia

279 2387 557 2435 meruerunt,
576 2389 774 2439 constat,
806 2385 909 2425 e'mn
924 2383 1174 2434 exercitum
1190 2382 1553 2441 ῙῃΒεῒΟειεοᾶιιας
1579 2386 1804 2441 Spurinna
1822 2392 1988 2442 autem,

276 2442 506 2500 paucitate
524 2457 705 2487 suorum
727 2446 1031 2529 considerata,
1062 2460 1282 2523 pugnam,
1310 2453 1363 2490 ut
1385 2461 1469 2503 par
1486 2449 1616 2534 erat,
1655 2448 1742 2491 sibi
1764 2449 1988 2524 vitandam

278 2513 443 2565 censet.
503 2546 509 2548 ,
834 2544 836 2546 ,
927 2546 930 2548 ,
