2171 2912
796 234 983 250 ---
1081 214 1137 257 18

253 319 454 387 legionis
465 314 655 384 sejuncti
669 306 860 385 agitent,
892 328 1015 385 ipsos
1033 342 1205 386 quoque
1222 327 1462 385 praecipue
1483 325 1650 371 missos
1676 332 1721 371 et
1746 301 1965 373 amanda-

255 398 329 433 tos
346 405 462 444 esse,
492 390 539 436 si
547 390 625 446 qni
633 390 852 433 mittendi
876 398 1038 445 essent,
1065 392 1274 432 credibile
1291 397 1383 445 est3
1414 397 1581 444 tamen,
1614 404 1750 446 quum
1768 389 1978 439 sonasse,

255 465 346 494 non
363 450 643 506 sufficerent,
674 452 797 505 alii,
784 452 903 509 iique
927 451 1093 507 optimi,
1112 452 1244 493 electi
1263 452 1438 522 illisque
1456 452 1641 507 adjecti3
1673 451 1862 508 denique
1875 450 1965 494 soli

256 514 393 555 etiam
413 512 545 556 electi
571 519 619 554 et
636 511 673 555 a·
688 528 877 568 corpore
902 512 1087 567 legionis
1115 512 1263 569 aliquo
1283 514 1426 567 missi,
1466 514 1622 555 eodem
1650 512 1843 555 nomine
1854 511 1967 574 dicti

257 580 377 618 suut
399 574 472 617 Ex
483 568 712 617 veteranis
727 575 862 628 igitur
877 573 1222 628 appellationem
1237 574 1569 617 vexillariorum
1582 573 1836 631 profectam
1852 560 1965 635 esse,

256 627 404 679 nullus
419 633 597 690 dubit03
623 638 803 688 ιάιιιειι,
804 650 940 690 quum
957 634 1012 676 ab
1030 635 1161 676 initio
1171 636 1220 677 hi
1235 637 1314 677 soli
1324 637 1384 678 sic
1396 636 1607 692 appellati
1619 643 1784 691 essent,
1803 636 1966 691 paula.-

255 697 339 740 tim
356 698 413 740 ad
428 696 540 740 alios
557 711 730 753 quoque
745 710 911 738 nomen
924 710 1081 738 eorum
1092 696 1311 740 tranferri
1324 704 1532 769 coeptum
1546 704 1627 741 est.
1658 699 1808 755 Quam
1822 696 1965 753 facili,

257 760 295 802 si
312 775 413 803 rem
433 759 497 801 ita
520 758 657 800 fixisse
676 758 832 813 fingis,
866 759 1049 814 negotio
1070 760 1301 815 potuerint
1319 760 1498 802 misceri
1520 761 1694 804 diversa
1708 760 1808 815 illa,
1850 760 1966 818 quae

254 821 438 893 proprie
458 820 667 873 fuerunt,
698 820 1030 863 vexillariorum
1050 836 1240 877 genera,
1268 821 1314 862 in
1331 829 1513 876 promtu
1533 828 1629 876 est,
1618 838 1628 847 ·
1663 823 1715 864 ac
1745 822 1783 864 si
1812 819 1966 864 multis

256 884 307 926 in
324 883 433 925 locis
448 882 602 938 negari
618 894 712 924 non
730 896 862 956 posse
885 882 1099 937 vidimus,
1130 883 1383 926 vexillarios
1408 882 1476 925 vel
1505 854 1684 924 omnino
1710 883 1779 926 vel
1805 883 1968 926 verisi-

258 945 421 987 militer
437 946 673 988 veteranos
690 958 809 998 esse3
818 950 1007 998 tamen,
1026 944 1072 985 id
1092 958 1182 985 non
1201 944 1249 986 in
1267 943 1471 986 omnibus
1491 948 1602 1011 esse,
1622 958 1715 985 non
1725 944 1966 1004 modonon

257 1005 432 1059 dubito,
466 1005 543 1046 sed
566 1003 745 1047 affirmo
765 1011 897 1060 atque
918 1005 1004 1061 ajo,
1066 1005 1244 1047 Partim
1259 1005 1397 1061 igitur
1413 1019 1568 1049 verum
1586 999 1827 1048 viderunt
1813 1000 1853 1045 ιι
1866 1004 1967 1059 viri,

258 1067 335 1123 qu'i
353 1066 561 1110 vexillum
581 1080 763 1107 manum
782 1081 807 1107 a
827 1066 1001 1122 legione
1022 1080 1103 1108 sua
1128 1066 1397 1121 discerptam
1426 1066 1773 1121 dictitavewunt
1831 1065 1966 1119 modo

260 1142 340 1181 ne,
376 1127 628 1170 vexillarios
660 1127 800 1168 etiam
830 1134 1065 1170 veteranos
1097 1142 1193 1169 esse
1223 1141 1378 1183 posse,
1418 1126 1679 1183 praefracte
1709 1098 1965 1187 neigasse'nt.

258 1188 422 1232 Melius
445 1188 539 1230 sine
563 1188 722 1243 dubio,
777 1189 814 1230 si
839 1203 941 1230 cum
967 1189 1148 1244 Lipsio,
1199 1196 1440 1246 utrumque
1463 1195 1713 1245 ponente,
1733 1184 1966 1246 fecissent.

256 1250 371 1293 Illud
387 1243 550 1320 autem,
569 1251 687 1307 quod
702 1249 834 1292 modo
857 1251 913 1292 de
936 1251 1090 1292 electis
1114 1251 1270 1307 adjeci,
1293 1265 1448 1294 omnes
1469 1251 1966 1310 neglexerunt3ta1nen

259 1311 337 1354 id
323 1325 487 1367 ipsum,
512 1311 549 1352 si
571 1310 677 1382 quid
693 1311 830 1365 video,
862 1326 960 1353 rem
976 1310 1188 1354 facillime
1206 1312 1412 1366 explicat.
1462 1313 1535 1354 Ex
1555 1311 1705 1354 electis
1722 1310 1863 1355 novae
1883 1325 1966 1355 co·-

258 1372 415 1415 hortes
430 1372 623 1427 fiebant3
646 1372 701 1414 iis
717 1373 925 1415 vexillum
948 1371 1147 1426 datum,
1134 1372 1221 1432 ipsi
1238 1373 1345 1414 dicti
1362 1372 1588 1417 vexillarii.
1601 1395 1662 1404 —
1675 1373 1814 1429 Quod
1828 1373 1967 1441 igitur

260 1434 379 1477 Ειιι.
395 1433 527 1487 dixit,
558 1405 811 1476 vexillarios
828 1447 924 1474 esse
940 1434 1172 1488 peculiare
1190 1447 1331 1489 genus
1348 1434 1543 1476 militum
1564 1432 1858 1489 (peculiarem
1873 1432 1965 1475 ιιιι-

258 1494 387 1538 litiae
401 1495 590 1551 gradum
607 1494 682 1538 vix
703 1491 910 1550 dixerim)
923 1509 945 1547 ,¹
971 1494 1017 1535 id
1037 1494 1101 1535 sic
1118 1493 1303 1536 limitari
1322 1494 1474 1549 debet,
1513 1500 1566 1536 ut
1578 1494 1765 1549 proprie
1784 1495 1965 1552 quidem

257 1556 366 1604 illud
389 1571 527 1614 genus
553 1556 744 1600 militum
774 1555 972 1599 veterani
998 1553 1200 1613 (minime
1226 1570 1332 1600 vero
1357 1553 1548 1614 tirones)
1571 1554 1768 1610 fuerint3
1798 1570 1965 1612 proce-

256 1619 388 1662 dente
406 1625 555 1661 autem
572 1620 779 1674 tempore
797 1630 934 1674 quum
951 1617 999 1660 ιιι
1019 1631 1192 1661 morem
1210 1616 1413 1670 abiisset,
1443 1625 1496 1660 ut
1512 1617 1677 1660 milites
1698 1617 1778 1660 sub
1792 1618 1968 1680 vexillis

254 1680 550 1734 haberentur,
578 1680 634 1721 ad
653 1680 763 1721 alios
780 1694 1081 1740 quoscunque,
1110 1680 1186 1736 qui
1205 1671 1477 1736 eligerentur
1494 1686 1540 1723 et
1560 1694 1762 1723 seorsum
1784 1679 1865 1724 sub
1883 1681 1966 1727 vob

257 1741 391 1785 xillis
407 1748 578 1796 essent,
618 1742 886 1784 translatum
919 1741 990 1784 sit
1221 1776 1223 1779 .

377 1805 511 1849 Nunc
533 1819 658 1854 eram
681 1805 923 1846 collaturus
942 1804 1064 1855 locos
1079 1818 1105 1845 e
1124 1803 1298 1859 graecis
1317 1777 1612 1858 scriptoribus
1640 1812 1688 1846 et
1695 1805 1968 1859 adjecturus

258 1880 334 1909 eos
353 1879 378 1908 e
382 1865 682 1921 scriptoribus
700 1864 952 1919 serioribus‚
986 1864 1187 1923 Vegetio,
1218 1864 1417 1922 Hygino,
1443 1864 1641 1931 aliisque
1646 1865 1737 1908 huc
1756 1873 1967 1923 spectan-

258 1929 397 1984 tibus3
427 1941 551 1985 quos,
569 1927 740 1985 partim
755 1927 1132 1984 corruptissimos,
1157 1927 1325 1983 partim
1343 1928 1600 1971 accuratam
1625 1928 1967 1984 explicationem

257 1990 521 2046 indigentes,
541 1991 779 2045 quominus
800 1989 1008 2045 adjiciam
1028 1996 1075 2032 et
1094 1989 1156 2031 sic
1173 1989 1278 2031 huic
1296 1989 1364 2031 rei
1381 1989 1503 2032 haud
1518 1991 1613 2034 leve
1631 1991 1871 2046 adjungam
1885 1991 1968 2048 (ιε-ς

258 2064 360 2106 cus,
393 2051 636 2106 impedior,
669 2051 828 2108 quibus
855 2051 905 2094 ‘in
928 2050 1014 2093 hac
1042 2050 1435 2095 dissertatiuncula
1464 2050 1830 2107 circumscribor,
1860 2051 1968 2095 fini-

259 2114 368 2156 bus·
355 2146 368 2169 ,
404 2127 606 2169 eamque
628 2113 685 2154 ob
707 2128 886 2154 causam
905 2113 994 2155 ista
1022 2114 1196 2167 omnia,
1243 2112 1374 2155 simul
1400 2128 1523 2156 cum
1530 2113 1681 2156 Taciti
1689 2113 1967 2169 quibusdum

257 2174 370 2218 locis
408 2174 656 2245 corruptis,
704 2173 759 2215 de
792 2173 949 2229 quibus
983 2179 1115 2229 agere
1144 2174 1193 2215 in
1224 2180 1374 2217 mente
1400 2181 1520 2229 erat,
1568 2181 1622 2217 ut
1657 2171 1732 2231 qui
1763 2176 1820 2217 ad
1846 2175 1967 2218 hane

259 2235 494 2278 materiam
530 2233 890 2303 amplificandam
920 2232 1073 2275 facere
1102 2235 1387 2294 viderentur,
1435 2235 1511 2277 alii
1540 2224 1733 2293 tempori
1769 2248 1965 2286 reservo.

259 2296 406 2342 Haec
415 2297 559 2368 pauca
586 2298 765 2351 autem,
804 2300 940 2351 quae,
976 2295 1060 2338 sin
1083 2296 1249 2338 minus
1266 2296 1416 2350 omnia
1447 2310 1584 2351 nova,
1623 2303 1757 2341 cer'te
1777 2310 1967 2340 accura-

256 2361 401 2414 tiora,
445 2365 581 2431 quam
611 2367 746 2402 antea
776 2357 954 2400 factum
983 2363 1107 2412 erat,
1148 2356 1303 2400 attuli:
1346 2363 1398 2400 ut
1426 2358 1524 2402 VV.
1554 2360 1658 2404 DD.
1687 2360 1744 2402 ab
1770 2373 1852 2415 eo,
1890 2358 1966 2418 qui

256 2422 434 2479 primus
452 2422 498 2464 in
519 2421 635 2492 hanc
657 2435 845 2490 arenam
870 2419 1120 2492 descendit,
1159 2406 1349 2476 benigne
1375 2420 1578 2489 accipere
1603 2422 1843 2490 voluerint,
1884 2435 1972 2467 oro-

252 2495 466 2542 rogoque.
504 2498 508 2501 ·
