2171 2912
784 197 1120 240 ———--14

241 305 532 369 incredibile?
562 306 710 355 Aliter
722 308 844 353 enim
859 324 934 353 res
951 324 998 353 se
1014 310 1152 353 habet
1163 341 1175 363 ,
1208 323 1344 366 quum
1362 315 1516 352 tantus
1530 312 1743 349 numerus
1757 304 1949 350 libenter

243 387 296 415 ac
323 378 478 428 sponte
503 384 692 426 parens,
755 371 891 414 rebus
919 372 1202 427 imperatoris
1233 372 1381 413 studet
1408 370 1534 427 eique
1557 368 1681 412 favet
1714 367 1798 427 (cf.
1828 369 1950 412 suet.

243 435 380 489 Vesp.
402 433 470 476 15.
489 447 683 477 assensere
699 436 821 477 cuncti
836 447 1035 492 nomenque
1053 434 1138 493 qjus
1157 431 1304 477 vexillis
1329 433 1499 476 omnibus
1521 434 1600 476 sine
1621 444 1732 474 mora
1753 433 1951 488 inscr‘pse-

245 496 368 551 runt)
378 512 389 550 3
424 495 568 550 aliter,
587 496 625 538 si
641 503 797 538 tantus
812 505 1125 540 veteranorum
1140 509 1374 549 numerus,
1403 492 1705 539 voluntatibus
1725 499 1881 536 eorum
1899 504 1953 535 ac

250 558 403 600 studiis
410 556 571 613 dubiis,
587 558 785 604 inunum
796 556 1090 600 contrahitur.
1109 557 1287 600 Tamen
1298 571 1441 614 neque
1451 555 1757 612 Lipsiusipse,
1769 553 1807 597 si
1815 554 1951 597 ades·-

247 627 327 675 set,
344 626 471 663 certo
493 619 600 674 scio,
615 619 698 662 hos
716 619 971 662 vexillarios
990 620 1045 660 ad
1062 633 1202 661 unum
1223 632 1377 661 omnes
1394 624 1632 663 veteranos
1649 625 1747 660 e‘sse
1765 616 1951 670 dixerit3

246 678 446 740 satisque
463 680 545 724 sibi
563 680 677 724 eavit
691 694 745 723 eo
756 712 767 734 ‚
803 681 920 737 quod
938 680 1129 723 alteram
1147 680 1280 724 simul
1300 680 1566 724 sententiam
1587 679 1740 723 multis
1767 679 1816 721 in
1841 677 1957 721 locis

247 745 380 794 unice
405 744 552 788 valere
579 756 669 784 non
699 742 888 797 negarit,
950 742 1174 797 Legiones
1199 742 1302 785 illae
1320 756 1478 787 novem
1494 742 1699 800 integrae
1718 755 1770 783 ac
1787 738 1953 796 plenae

249 813 377 860 sunt,
420 806 626 860 justoque
650 803 844 845 militum
868 817 1055 846 numero
1082 810 1310 859 constant3
1359 805 1452 859 jam
1482 803 1711 846 acciuntur
1737 800 1956 855 veterani,

248 866 470 924 praesidia
492 865 757 921 oppidorum
783 865 946 920 aliique
971 864 1151 919 milites,
1192 865 1265 921 qui
1283 865 1392 907 nulli
1409 864 1573 921 legioni
1594 862 1806 919 adscripti
1826 868 1954 917 sunt3

249 928 326 986 qui
354 942 492 984 quum
520 927 579 969 ad
606 927 749 969 nullos
773 926 1052 981 pertineant,
1094 941 1260 983 neque,
1298 927 1365 968 uti
1389 926 1609 982 legionem
1638 931 1839 981 oportet,
1871 923 1958 966 suh?

252 989 420 1046 aquila,
453 989 552 1042 sed,
582 994 635 1030 ut
662 988 855 1044 singulas
879 989 1126 1041 centurias,
1157 988 1408 1043 manipulos
1429 988 1626 1044 adeoque
1641 985 1957 1028 cohortes²de-.

251 1058 336 1104 cet,
366 1050 447 1092 sub
465 1048 636 1093 vexillis
655 1056 998 1105 congregantur,
1031 1064 1173 1105 eaque
1194 1055 1458 1106 sequuntur:
1492 1048 1577 1104 ipsi
1601 1059 1754 1090 omnes
1772 1046 1959 1089 nomine¹

248 1108 579 1158 vexillariorum
609 1111 1062 1166 comprehenduntur.

369 1174 421 1215 In
450 1172 587 1214 tertio
616 1179 662 1214 et
688 1180 847 1228 quarto
873 1174 968 1227 ejus
992 1172 1266 1230 argumentis
1291 1187 1381 1215 non
1412 1179 1504 1225 est,
1547 1172 1664 1227 quod
1690 1170 1766 1212 diu
1785 1169 1955 1213 haere-

251 1249 399 1289 amus;
440 1248 575 1289 supra
598 1233 652 1275 iis
680 1233 882 1277 defuncti
903 1248 1067 1277 sumus.
1135 1234 1353 1291 Quintum
1382 1241 1531 1278 autem
1544 1236 1819 1278 immunitatem
1838 1231 1954 1277 vexil-

251 1297 361 1342 lariis
387 1296 545 1347 concedi,
567 1303 703 1339 tamen*
712 1297 912 1351 prandia
940 1300 1097 1354 agitare
1122 1297 1292 1339 nullum
1309 1298 1554 1352 planebest5
1583 1297 1663 1338 illa
1681 1296 1801 1338 enim
1823 1294 1960 1338 labo-4

251 1374 353 1402 rum
371 1358 630 1400 immimitas
647 1372 701 1407 eo
718 1358 815 1412 ipso
834 1358 966 1400 modo
983 1358 1039 1400 iis
1055 1358 1366 1413 praebebatur.

342 1422 448 1464 Duo
466 1419 683 1461 hactenus
707 1419 1023 1462 demonstravi:
1070 1418 1113 1475 a)
1136 1427 1371 1464 veteranos
1388 1419 1541 1464 multis
1561 1419 1607 1460 in
1626 1419 1760 1477 locis,
1794 1418 1955 1475 quibus

345 1480 670 1526 vexillariorum
696 1480 861 1520 mentio
887 1480 992 1532 fiat,
1030 1494 1120 1522 non
1149 1481 1291 1523 solum
1314 1480 1502 1536 intelligi
1525 1493 1679 1535 posse,
1715 1480 1791 1522 sed
1815 1478 1953 1523 etiam

340 1541 524 1597 intelligi
544 1540 730 1593 debere,
773 1541 1042 1597 omninoque
1067 1541 1265 1584 dubitari
1292 1555 1384 1584 non
1410 1555 1563 1597 posse,
1603 1541 1709 1598 quin
1733 1541 1953 1594 veterani,

338 1606 444 1647 licet
460 1617 550 1647 non
568 1616 722 1645 omnes
736 1617 817 1643 nec
838 1601 1026 1659 ubique,
1060 1603 1294 1658 stipendiis
1319 1603 1511 1656 exactis,
1551 1603 1739 1645 seorsim
1762 1601 1846 1645 sub
1870 1616 1952 1646 ve·—

339 1665 458 1709 xillis
476 1663 791 1706 remanserint:
815 1671 981 1718 tamen,
1002 1664 1076 1720 qui
1096 1664 1318 1720 estLipsii
1329 1679 1472 1721 error,
1488 1663 1656 1708 falsum
1672 1680 1784 1719 esse,
1801 1679 1954 1721 quum,

341 1726 466 1784 quasi
496 1725 572 1766 alii
599 1725 709 1779 sint,
756 1725 1086 1781 distinguantur
1113 1741 1145 1772 a,
1165 1725 1351 1782 reliquis
1376 1726 1641 1782 vexillarii33
1674 1726 1957 1770 communius

342 1788 459 1831 enim
489 1800 650 1828 nomen
676 1801 773 1828 esse
808 1801 892 1828 nec
920 1787 1000 1828 uni
1029 1794 1352 1831 veteranorum·
1382 1788 1527 1830 ordini
1554 1788 1801 1844 peculiare3
1860 1788 1951 1832 imo

342 1863 540 1908 quosque
560 1848 776 1902 militum,
803 1855 897 1891 tam
916 1855 1178 1904 veteranos,
1211 1863 1347 1907 quam
1367 1848 1537 1892 tirones
1557 1851 1888 1907 (veteranorum
1901 1857 1953 1894 et

339 1913 536 1955 tironum
551 1910 762 1955 vexillum
777 1911 824 1952 in
844 1910 1005 1954 Tacito
1022 1910 1112 1967 legi
1131 1908 1485 1968 meminerimus)
1506 1925 1644 1968 quum
1652 1912 1862 1955 vexillum
1878 1926 1953 1956 se·-

342 1979 557 2030 qumtur,
588 1973 842 2015 vexillarios
861 1972 1092 2028 appellari.
1154 1971 1201 2030 b)
1224 1969 1411 2017 ‘Falsam
1425 1987 1523 2016 esse
1538 1974 1739 2016 Ernestii
1763 1980 1952 2017 senten-

340 2036 458 2078 tium
475 2035 529 2075 de
550 2033 782 2088 tironibus,
814 2034 975 2091 quippe
992 2049 1106 2090 quae
1124 2035 1367 2079 commodis
1383 2042 1571 2092 prorsus
1586 2036 1862 2079 destituatur
1874 2046 1952 2079 ar*-

343 2094 580 2153 giimentis.
1016 2128 1018 2132 .
1043 2146 1048 2153 Β
1376 2148 1379 2150 -
1467 2120 1470 2122 -
1503 2135 1505 2138 ,
1581 2138 1583 2140 ,

369 2158 473 2201 Hoc
499 2162 652 2198 tamen
679 2155 777 2198 loco
805 2162 1022 2210 attentus,
1061 2157 1101 2199 >si
1133 2156 1210 2213 qui
1237 2158 1349 2207 mihi
1379 2157 1590 2215 obtingit,
1639 2159 1802 2215 lector,
1845 2161 1954 2218 quid

249 2215 441 2264 narras?
456 2216 658 2275 inquiet.
725 2216 921 2262 Vexillum
935 2218 1096 2276 militum
1122 2225 1168 2261 et
1191 2219 1412 2267 vexillarios
1432 2219 1609 2277 ubique
1628 2221 1874 2266 confundis·
1889 2229 1955 2278 et,

250 2282 376 2342 quasi
399 2277 683 2333 eademffsinss
712 2279 971 2335 promiscue·
987 2293 1106 2324 nunc
1131 2281 1187 2324 de
1206 2281 1381 2336 vexillo,
1412 2291 1532 2327 nunc
1549 2283 1603 2327 de
1615 2284 1861 2328 ‘vexillariis
1872 2283 1951 2325 :lox-

250 2344 414 2403 queris.
478 2342 526 2384 Si
540 2341 625 2384 tibi
644 2341 766 2384 credi
789 2340 877 2396 vis,
909 2340 1074 2397 proba,
1100 2355 1205 2386 >rem
1218 2341 1283 2385 ita
1299 2357 1345 2386 se
1361 2342 1542 2387 habere.
1603 2346 1734 2403 Quae
1754 2359 1843 2400 reS,
1866 2336 1957 2389 etsi·

249 2420 425 2464 magna,
443 2403 701 2446 eruditionis
728 2409 863 2460 atque
886 2403 1086 2447 lectionis
1111 2404 1237 2449 mole
1257 2405 1555 2447 demonstrari
1582 2407 1746 2461 possit,
1784 2413 1949 2463 tamen,

249 2485 308 2514 ne
332 2466 482 2524 opella
498 2465 610 2508 haec
628 2465 761 2507 nimis
780 2472 1030 2521 accrescat,
1058 2481 1166 2510 usus
1181 2465 1448 2511 Latinorum
1466 2467 1691 2525 ipsiusque
1701 2468 1850 2512 Taciti
1865 2470 1951 2514 ad·-

249 2530 498 2583 monuisse,
531 2528 638 2572 satis
654 2527 849 2571 habebo:
882 2529 993 2572 Tac.
1009 2529 1070 2573 H.
1089 2530 1126 2584 I,
1151 2542 1237 2573 sm
1264 2524 1678 2589 Exdutoratigertos
1696 2531 1775 2589 dier
1790 2546 1808 2574 c
1825 2533 1956 2576 Prae-¹:
